2760 4794
249 449 298 498 tls
634 450 763 494 salleni
781 449 952 494 AUBROSH

248 544 309 580 num
324 531 441 579 celorum
458 530 572 589 abstulit,
582 531 609 579 et
626 531 695 580 dedit
710 530 778 592 genti
803 534 846 581 der
856 536 914 593 erit,·
924 533 950 582 et
958 532 1134 581 humanitatis
1147 544 1337 594 mpremaregr·

249 601 465 649 iacientilructum
474 600 535 658 ejus.
544 600 649 648 Abstulit
659 602 777 649 virtutem
803 602 846 648 bat
856 601 937 650 officia
947 601 1079 650 defunctis
1091 616 1100 648 ε
1113 603 1165 650 sed
1178 604 1240 663 Legi
1256 604 1336 650 noret

249 670 320 728 panis
334 670 358 715 et
370 669 489 716 virtutem
504 681 585 728 aquae,
595 669 739 730 prophetam
752 671 778 717 ct
803 670 1042 730 mortuus,nisiqui
1053 670 1176 729 injustus
1186 675 1234 719 est.
1247 672 1337 719 lieres

248 739 420 785 admirabilem
435 739 614 799 consiliarium,
634 742 659 787 et
670 741 778 800 prudeu-
803 737 960 785 immundlfla
968 738 1050 798 insti,
1061 752 1127 799 quae
1141 739 1274 799 iniquitas
1285 737 1337 797 orii

249 807 301 854 tem
312 807 487 866 architectum,
496 808 522 855 et
533 809 670 867 sapientem
681 809 779 856 audito-
803 807 869 854 euim
884 806 1055 866 immundius,
1070 821 1156 868 quam
1168 811 1290 867 mentem,
1298 819 1336 867 qna

250 888 312 922 rem.
325 877 376 922 litis
386 875 503 935 abstulit,
516 877 587 923 uobis
599 877 677 925 dedit.
691 876 778 925 llerito
802 875 867 921 nihil
878 875 972 922 homini
981 877 1128 935 pretiosius
1141 878 1185 923 est
1194 876 1336 936 datumst!-

249 946 380 992 σκώψ...
396 946 455 993 sicut
464 947 506 1004 qai
513 947 599 992 inrmit
609 947 683 1005 spotia
693 947 776 994 multe.
802 943 875 1003 pibus
883 944 1069 992 commaculare
1078 944 1335 1004 criminibus,etatm

249 1011 308 1058 Siue
319 1012 403 1060 labore
413 1025 468 1058 meo
479 1012 566 1059 inveni
579 1013 777 1073 spoliaquaenon
803 1012 872 1060 cibus
890 1013 993 1060 elierare
1013 1013 1200 1061 commentis?
1218 1015 1279 1073 Quid
1296 1013 1335 1060 illis

251 1081 381 1128 habebam.
397 1081 483 1128 inveni
496 1082 693 1140 Heptateuchum
705 1082 730 1140 ⁸,
741 1083 778 1129 in·
802 1081 900 1140 prodest
910 1082 976 1142 quod
986 1084 1126 1129 mortuum
1136 1083 1334 1130 hominemriscrr

250 1149 308 1195 reni
320 1151 460 1209 Regnorum
471 1150 560 1208 libros,
570 1149 655 1197 inveni
671 1151 778 1210 prophe·
802 1143 979 1199 reformidant!
995 1151 1109 1198 Utinam
1126 1153 1187 1199 vita
1201 1165 1282 1199 eorum
1296 1162 1333 1196 aar

250 1219 330 1264 tarum
342 1220 447 1279 scripta,
462 1219 547 1265 inreui
562 1219 677 1279 Esdram,
692 1220 777 1266 inveni
802 1221 925 1278 pollueret
950 1221 1228 1281 appropinquantem,
1249 1231 1332 1280 quoru

250 1285 370 1346 neruos,
386 1287 778 1345 invenieroverbtmioventec-
802 1301 868 1336 mors
896 1289 1070 1336 contaminare
1103 1290 1242 1337 neminem
1262 1288 1330 1349 pote.

250 1356 395 1416 ctesiasten,
409 1357 493 1404 inveni
503 1357 602 1403 Cantica
613 1356 777 1414 canticorum,
802 1359 864 1405 llors
873 1359 966 1405 nemini
975 1360 1068 1419 nocet,
1075 1360 1187 1406 utinam
1198 1361 1330 1408 ritanorre

250 1426 334 1472 inreui
345 1424 516 1472 admirabilem
524 1425 690 1472 consiliarium
699 1425 779 1471 Chris·
803 1427 866 1473 teat.
891 1428 1056 1474 conabum!
1083 1428 1163 1475 euim
1191 1426 1330 1487 colluvionis,

250 1494 316 1553 tum,
328 1494 412 1542 inveni
422 1496 527 1540 Paulum
537 1493 684 1553 prudentem
696 1494 779 1540 archi·
803 1495 951 1542 consortium
975 1495 1132 1555 iniquitatis
1158 1498 1210 1544 est·
1230 1493 1329 1554 Quone&

250 1564 358 1622 tectum,
380 1563 465 1610 iuveni
485 1563 622 1622 sapientem
642 1563 778 1610 auditorem
803 1576 861 1624 ergo
872 1564 1044 1612 contaminare
1065 1567 1176 1625 potest,
1191 1566 1236 1626 qui
1252 1565 1330 1622 iniqru

249 1633 367 1691 populum
374 1632 538 1678 christianum
546 1664 554 1690 ,
562 1630 715 1689 quinoritea
723 1644 778 1690 quae
803 1646 856 1679 esse
865 1633 916 1691 iam
927 1646 976 1680 non
985 1636 1092 1692 potest3
1107 1648 1173 1682 cum
1185 1633 1276 1682 etiamsi
1283 1632 1330 1687 trit,

249 1700 378 1759 leguntur,
390 1699 491 1757 audire3
502 1699 546 1745 ille
560 1699 627 1744 enim
637 1699 722 1756 audit,
734 1701 778 1759 qui
803 1701 885 1747 tamon
895 1712 948 1748 esse
956 1700 1071 1748 desivit?
1082 1704 1160 1762 Fuge
1169 1717 1229 1763 ergo
1238 1700 1332 1761 iniqnita-

250 1779 282 1814 ea
296 1780 351 1828 quae
362 1767 445 1826 audit,
456 1767 582 1826 intelligit.
598 1767 651 1812 hex
660 1767 778 1826 spiritalis
803 1770 866 1829 tem,
876 1782 908 1817 nc
918 1770 944 1816 ie
960 1771 1182 1829 comprehendat.
1199 1775 1262 1832 Fuge
1270 1770 1331 1827 iri*

250 1837 432 1884 estllon'iliam
445 1836 514 1883 audit
526 1836 638 1894 iudaeus,
649 1837 692 1895 qui
708 1837 778 1883 audit
802 1837 898 1897 titiam,
916 1850 971 1898 quae
989 1839 1119 1888 viventes
1142 1841 1228 1889 adhuc
1244 1839 1331 1888 mortu

250 1906 427 1966 corporaliter:
440 1905 483 1952 sed
498 1905 541 1951 ille
552 1904 635 1963 audit,
650 1905 694 1964 qui
709 1905 778 1951 audit
802 1905 869 1952 iacit.

250 1976 277 2021 in
287 1975 383 2034 spiritu.
392 1973 489 2020 liabent
499 1972 536 2018 illi
544 1972 620 2018 libros
627 1972 777 2019 sedseusum
832 1971 871 2021 lt.
883 1973 931 2021 Sed
940 1985 1016 2021 nemo
1029 1974 1101 2034 fugit
1113 1974 1331 2037 iniquitaten,nis'

250 2042 370 2089 librorum
384 2053 433 2087 nou
448 2040 550 2087 hahent.
562 2041 659 2087 Habent
669 2042 778 2101 prophe-
802 2041 844 2101 qni
855 2042 934 2101 diligit
944 2038 1116 2104 aequitatem
1131 2046 1162 2092 et
1172 2047 1230 2093 ideo
1241 2046 1274 2092 ait
1283 2059 1289 2091 :
1298 2047 1332 2092 le·

250 2113 301 2170 tas,
312 2112 356 2159 sed
369 2123 418 2158 uon
428 2111 522 2157 habeut
537 2124 611 2171 quem
622 2112 660 2157 illi
670 2112 778 2171 prophe·
802 2124 853 2171 pem
862 2115 927 2159 tenni
938 2115 1020 2159 autem
1031 2114 1124 2161 dilexi.
1140 2116 1173 2162 ln
1184 2117 1239 2174 lege
1249 2114 1332 2174 equitas

249 2181 373 2228 taverunt.
382 2179 506 2238 Quomodo
514 2181 580 2227 enim
588 2181 692 2239 habent,
702 2193 778 2240 quem
803 2179 854 2238 est,
873 2181 893 2228 si
912 2180 1054 2241 spiritalem
1075 2184 1197 2244 accipias
1214 2181 1332 2244 legem

249 2261 300 2296 nou
318 2247 487 2310 receperunt!
505 2249 562 2296 ldeo
581 2263 636 2296 cum
653 2250 734 2310 lloyse
752 2249 777 2297 et
802 2260 933 2307 consurgas
950 2261 1008 2296 cum
1029 2251 1155 2310 Christo,
1176 2255 1203 2301 et
1221 2253 1257 2300 ihi
1271 2253 1332 2299 athre

252 2318 304 2374 lilio
315 2320 376 2366 mihi
385 2319 498 2378 apparuit
507 2332 515 2378 3
525 2320 584 2378 quia
593 2320 624 2365 ab
635 2320 685 2365 illis
697 2332 778 2366 reces-
802 2319 991 2364 sacro-sanctum
1000 2318 1068 2366 illud
1077 2322 1192 2369 coeleste
1202 2321 1332 2377 consideres,

250 2388 292 2436 sit.
304 2389 378 2435 hiulta
388 2388 466 2436 hahet
481 2388 574 2448 spolia,
586 2387 628 2446 qui
639 2387 715 2434 habet
729 2389 776 2435 liei
802 2397 850 2432 nou
869 2388 946 2433 altare
961 2387 1114 2449 terrenum,
1127 2391 1198 2451 quod
1212 2388 1332 2437 hostilitia·

249 2456 367 2503 Verbum.
379 2456 459 2501 llabet
470 2455 686 2514 resurrectionem,
703 2455 778 2502 habet
803 2455 960 2515 populatione
982 2454 1154 2505 destructum
1175 2459 1221 2507 est.
1237 2459 1262 2504 Si
1277 2457 1332 2504 illan

247 2525 381 2584 justitiam,
396 2524 514 2571 virtutem
529 2527 602 2583 atque
617 2523 777 2584 sapientiam,
803 2525 955 2571 iherusalem
967 2525 1084 2583 spectes,
1098 2541 1161 2586 quae
1179 2529 1205 2575 in
1221 2528 1279 2574 coelo
1289 2527 1330 2582 est,

250 2594 325 2640 habet
343 2592 440 2652 omnia3
462 2595 520 2653 quia
541 2594 567 2639 in
591 2593 643 2652 ipso
668 2595 778 2640 constant
802 2595 1331 2654 uouistamquaeapopuloludaeommtre·

249 2662 341 2708 omnia.
351 2662 448 2709 Hebraei
461 2662 630 2722 spoliaverunt
642 2663 776 2722 AEgyptios,
802 2663 963 2722 quentabatur
975 2662 1001 2707 in
1013 2663 1109 2723 terrm,
1126 2680 1186 2725 quae
1202 2667 1295 2725 propter
1302 2666 1331 2708 in-

249 2727 276 2774 el
286 2741 345 2776 rasa
355 2742 440 2777 eorum
451 2730 604 2777 abstulerunt
616 2741 623 2773 τ
637 2729 776 2776 ludaeorum
803 2733 911 2777 celarum
927 2731 1058 2790 pertidiam
1071 2745 1088 2778 a
1104 2736 1220 2781 Romano
1237 2733 1331 2781 exercitu

249 2798 327 2856 spolia
338 2797 694 2860 nabetpopuluschristianus,
707 2801 732 2845 et
742 2800 778 2846 to-
802 2800 964 2858 triurnphata,
977 2800 1073 2857 injecto
1092 2802 1215 2862 flagravit
1226 2801 1330 2849 incendie

249 2870 301 2914 tum
312 2870 432 2916 habemus
445 2868 511 2928 quod
526 2866 564 2912 illi
580 2867 671 2912 hahere
687 2882 713 2914 se
731 2881 777 2916 ne·
801 2869 827 2914 Si
841 2868 959 2914 intuearis
974 2868 1000 2912 iu
1017 2869 1094 2916 illum
1108 2874 1253 2932 principem
1269 2882 1330 2918 sarec-

249 2939 366 2987 sciebant.
378 2941 417 2984 lili
428 2950 514 2984 aurum
525 2938 551 2983 et
561 2938 688 2996 argentum
700 2940 778 2985 mato·
802 2939 901 2995 dotum,
913 2938 942 2983 de
954 2950 1002 2997 quo
1018 2940 1150 2998 scriptum
1162 2946 1201 2990 est
1215 2957 1222 2988 ε
1235 2943 1331 2989 lium

249 3006 309 3054 riale
328 3006 498 3063 abstulerunt,
516 3017 560 3051 nos
578 3018 666 3051 nurum
685 3007 775 3052 mentis
802 3008 879 3065 itaque
893 3019 1005 3065 mcpnum
1016 3011 1173 3058 sacerdotem
1190 3008 1330 3071 enemente

248 3077 402 3136 accepimus,
418 3087 462 3120 nos
476 3074 652 3133 adquisivimus
670 3075 778 3122 coelestis
803 3076 877 3131 coelr‘s,
891 3078 969 3122 lesum
981 3076 1071 3121 Fitium
1084 3081 1149 3135 Dei,
1163 3084 1280 3127 teneuram
1290 3089 1331 3124 cor-

248 3146 367 3194 sermonis
378 3145 514 3202 argentum.
802 3144 922 3202 sessionem
931 3144 1039 3200 fidetem:
1052 3147 1100 3202 qui
1114 3150 1233 3206 quotidie
1245 3149 1329 3194 adreci·

279 3216 317 3260 is.
329 3214 446 3273 Sequitur
455 3226 541 3261 versus
556 3213 644 3260 tertius
656 3226 663 3258 ε
680 3213 777 3270 iniusti·
803 3214 841 3258 tus
854 3225 898 3271 pro
909 3212 979 3258 nobis
993 3212 1034 3257 est
1046 3215 1119 3271 apud
1136 3218 1238 3263 Patrem
1248 3231 1254 3275 ;
1266 3218 1289 3262 ut
1297 3226 1331 3273 pro

249 3285 308 3330 dem
327 3284 378 3329 odio
397 3282 483 3338 babet,
499 3284 522 3328 et
539 3282 688 3328 abominatos
704 3295 776 3328 cern:
801 3280 1185 3340 quibusindiebuscarnissuae
1195 3283 1329 3333 misericordi

247 3354 319 3412 tegno
337 3354 416 3398 aulem
439 3354 505 3397 luam
523 3352 603 3396 ditem.
624 3350 710 3395 blerito
726 3349 778 3397 odit
802 3352 985 3408 estcompassus
996 3349 1107 3408 affectu,
1121 3366 1169 3413 pro
1180 3355 1222 3401 his
1233 3354 1330 3412 operetur

191 3416 194 3421 '
248 3419 413 3477 iniustitiam,
429 3416 472 3475 qui
491 3416 567 3463 hahet
585 3428 651 3461 arma
665 3416 776 3472 justitiae.
802 3418 1095 3477 remissionemquotidie
1106 3422 1328 3481 peccatorunona

248 3489 365 3534 Hebraeus
377 3497 433 3532 cum
444 3485 548 3530 haberet
563 3484 616 3530 haec
633 3496 715 3543 arma,
728 3486 774 3532 hoc
802 3489 868 3532 enim
879 3500 934 3546 spes
943 3486 990 3532 alia
1001 3489 1091 3545 generi
1104 3489 1232 3549 humano,
1241 3490 1329 3535 nisiae

247 3556 298 3614 est,
310 3557 401 3612 Legem
415 3554 440 3599 et
454 3553 600 3612 prophetas,
616 3565 711 3600 murem
721 3555 778 3600 abo-
801 3558 870 3603 nium
881 3556 1020 3605 viventium
1033 3556 1133 3606 delicta
1150 3558 1330 3608 donentnrllllc

248 3621 387 3666 minabatur
397 3620 537 3678 mortuum
555 3621 613 3680 quia
629 3621 682 3666 Lex
698 3622 757 3668 dicit
769 3633 776 3665 t
802 3639 859 3685 ergo
870 3627 985 3686 princeps
995 3627 1115 3675 solusest
1125 3624 1331 3686 sacerdotnm,cui

247 3691 330 3739 omne
340 3692 381 3750 qui
391 3692 487 3751 tetigerit
502 3695 662 3739 mortuum...
674 3693 778 3739 immen-
802 3696 896 3743 adstant
904 3696 940 3755 pii
950 3696 1106 3756 sacerdotes,
1118 3699 1146 3746 in
1159 3701 1294 3747 coelestium
1301 3707 1330 3740 sa·

803 3765 908 3811 crarium
915 3765 976 3812 illud
987 3765 1140 3813 altissimum
1152 3769 1245 3815 merito
1253 3762 1329 3826 proprii

269 3853 279 3873 ·
286 3853 327 3891 p„
337 3852 485 3900 11„„„„J„„
498 3853 593 3900 ,menige
604 3853 685 3900 priores
699 3855 777 3899 sepiem
803 3834 898 3880 cruoris
904 3832 1017 3893 ingressi.
1027 3834 1072 3878 illa
1082 3837 1199 3894 ergolex
1211 3832 1329 3908 diligendi3

248 3906 690 3951 veterisTestanientilibros5iratamennt
700 3907 778 3943 marm
803 3901 829 3946 in
844 3915 892 3961 qua
907 3914 981 3949 verus
1000 3901 1125 3949 llehraeus
1144 3904 1215 3952 liber
1231 3904 1263 3950 ab
1277 3910 1330 3946 onai

247 3971 271 4000 ac
278 3961 328 3999 lietb
335 3963 398 4024 unico
406 3962 463 3998 libro
471 3960 778 4022 comprehendanturlitenim
803 3971 922 4017 servitute
932 3969 1050 4018 viliorum
1062 3972 1117 4029 est,
1130 3972 1157 4018 in
1169 3986 1220 4032 qua
1231 3980 1329 4030 magnum

247 4015 347 4105 ἴιξξξζιὲ
352 4018 466 4104 {33¹¹qu
472 4014 744 4105 ffi‘¹⁰¹¹¹d³¹¹¹,³¹}¹‘⁹¹¹‘¹,¹,⁰,⁰-¹,¹¹
752 4014 778 4103 {b
803 4040 945 4100 sabbatum,
955 4039 981 4086 et
992 4039 1115 4087 lnotlensn
1128 4043 1232 4102 requies
1242 4041 1330 4087 detunc-

377 4077 470 4116 Jungiso
498 4077 537 4104 um
566 4077 602 4106 oce
639 4077 684 4115 osep
718 4080 742 4104 r.
772 4094 778 4114 ,

246 4120 429 4167 menippeum.
805 4108 899 4169 torum,
919 4107 947 4157 in
964 4109 1129 4169 qua-reortui
1149 4109 1238 4172 populi
1260 4117 1330 4160 muci
