2760 4794
419 534 626 580 laesionum
640 538 751 606 xxxv-1
768 542 973 589 unianimo.
1206 538 1251 595 tt
1334 503 1340 517 ἱ
1362 514 1365 526 ’

155 605 188 682 b't
202 608 265 657 scias
280 611 364 659 autem
374 612 433 672 qnia
444 615 544 665 athletae
556 631 641 667 sumus
658 616 694 667 et·
708 621 760 669 vim
777 623 861 671 subire
883 619 1002 673 luctandi.
1021 619 1138 675 Novimus
1153 629 1237 679 tarnem

159 677 320 740 inpellimur,
336 681 362 728 et
375 682 418 729 alii
430 685 520 745 ruunt,
532 688 558 734 ct
569 689 683 747 plerique
708 691 773 750 quod
784 692 928 753 frequenter
939 695 1011 754 pueri
1028 707 1089 755 quos
1102 707 1151 744 non
1164 697 1236 756 pote·

156 744 288 824 *³¹{dfflltffl‘s
300 750 684 817 audidicentemtsoffolsttiio·
707 758 764 806 rant
789 761 902 820 portare,
927 754 1051 810 vicerunt.
1075 763 1145 812 Anno
1165 765 1236 826 rigor

155 825 316 866 llltnusomncs
326 822 455 880 pairarat,
465 826 488 871 et
498 828 594 886 cormpit
604 840 683 874 omnes
707 830 784 876 animi
795 830 965 879 infirmitatem
978 832 1090 881 excludit
1100 833 1188 881 etatis.
1233 835 1236 838 ’

152 883 227 930 elisos.
237 885 307 935 Unde
326 889 351 935 et
368 890 419 948 ipse
431 891 461 940 de
478 905 504 940 se
515 893 576 941 dicit
586 895 682 953 David,
735 899 776 947 55.
803 900 892 958 Quales
914 903 997 948 antem
1015 902 1103 962 pueri,
1124 902 1186 951 talos
1209 903 1236 952 st

152 951 193 996 iel
207 952 251 1000 ille
265 956 310 1015 qni
331 958 428 1007 locutus
448 962 523 1008 estin
538 963 680 1024 Propheta:
706 967 866 1029 ephebi,hoc
876 970 926 1030 est,
935 971 1067 1030 spiritales.
1073 971 1236 1033 Noritscrlp·

152 1020 266 1083 Impulsam
291 1027 412 1076 subversas
432 1043 485 1078 sam
508 1035 534 1080 at
555 1034 681 1094 cuderem,
705 1037 762 1082 tura
780 1036 960 1086 adolescentem
975 1039 1241 1108 Paulumjomprmffi

151 1089 174 1134 st
195 1091 312 1142 Dominus
326 1099 425 1156 suscepit
440 1111 477 1144 me
485 1112 495 1157 ‚-
517 1101 590 1147 lesus
615 1103 682 1151 enim
706 1110 775 1150 mum
791 1107 944 1153 conversioni
957 1118 964 1152 a
977 1106 1046 1153 novit
1057 1109 1082 1156 et
1096 1106 1235 1168 Eutychum

152 1167 201 1204 non
209 1161 314 1221 cecidit,
331 1164 376 1211 sed
392 1167 515 1227 impulsus
527 1168 574 1215 est.
586 1170 681 1218 Etenim
706 1173 901 1234 adolescentem,
927 1175 971 1236 qui
998 1188 1055 1223 cum
1081 1177 1238 1224 sermonibus

150 1234 209 1299 tum
227 1227 281 1286 ipse
302 1233 430 1280 convertat
451 1236 541 1288 elisos.
562 1240 683 1296 quomodo
706 1242 775 1289 Pauli
792 1244 901 1292 intentus
915 1245 1037 1303 haereret,
1053 1257 1137 1292 somno
1154 1245 1235 1294 victus

149 1302 205 1351 ¹9⁸0
215 1297 296 1354 potuit
308 1300 383 1348 elidit
399 1303 498 1350 lustum
516 1307 614 1366 autem,
627 1321 682 1355 cum
705 1309 737 1356 de
749 1310 848 1359 tritecto
859 1312 949 1360 cecidit
959 1314 985 1361 et
995 1314 1133 1360 resurrexit
1146 1326 1152 1359 =
1166 1313 1236 1362 novit
1278 1328 1281 1343 ¹

150 1362 683 1437 ceciderit,posseresurgeretestaturScrip·
706 1378 732 1424 et
748 1379 886 1428 iohannem
902 1382 1083 1430 adolescentem
1103 1383 1129 1428 in
1139 1381 1234 1429 'christi

150 1430 222 1492 tura,
241 1447 297 1492 quae
315 1437 394 1484 dicit:
407 1441 527 1501 Numquid
547 1444 589 1500 pai
606 1446 680 1501 eadit,
706 1447 805 1503 pectore
819 1450 1023 1508 recumbentem,
1037 1450 1080 1510 qui
1096 1451 1147 1497 tam
1163 1449 1236 1515 fortis

148 1513 197 1547 non
208 1503 300 1562 orijiciet
314 1511 472 1571 atremrpat3
484 1516 526 1559 ost
536 1515 578 1573 poi
588 1527 681 1567 aversas
705 1513 765 1575 init,
786 1517 815 1563 nt
833 1518 1029 1576 persecutionem
1047 1532 1097 1566 non
1114 1518 1234 1580 timeret,

147 1569 286 1628 [uentano
302 1579 449 1626 revertetur?
461 1580 503 1628 Voe
518 1581 598 1640 iisqai
613 1588 680 1629 orer·
704 1584 797 1631 malum
812 1586 933 1634 vinceret.
946 1587 992 1634 llic
1003 1589 1041 1634 est
1055 1600 1121 1648 puer
1135 1587 1177 1654 qui
1188 1599 1248 1647 pai-¹
1264 1582 1269 1591 ‘

147 1640 233 1720 latiur
249 1647 367 1694 credone
387 1649 531 1710 impudenti,
551 1651 606 1699 dicit
630 1655 680 1701 Da·
704 1651 768 1699 trem
785 1654 919 1714 genitalem
936 1656 1051 1716 reliquit,
1071 1658 1170 1704 secutus
1187 1657 1233 1703 Pa·

146 1719 235 1758 mmm·
703 1720 768 1769 trem
789 1735 846 1778 eum
866 1737 941 1785 quern
961 1725 1074 1784 cognovit
1091 1725 1232 1774 aetemuma

177 1777 219 1826 52·
235 1781 334 1832 Utinam
348 1787 452 1855 quidem
465 1786 634 1837 ineluctabilis
654 1788 680 1837 et
704 1789 845 1840 adolescens
860 1794 964 1841 amictus
974 1792 1237 1854 sindone,Dominum⁴

148 1847 322 1910 insuperabilis
341 1857 375 1904 sit
388 1857 478 1905 Christi
497 1859 604 1918 athleta,
616 1861 642 1908 et
652 1861 679 1907 ln
704 1861 854 1920 sequebatur
867 1863 978 1921 tempore
988 1862 1121 1923 passionis,
1131 1862 1174 1921 qui
1187 1874 1233 1909 sua

146 1920 215 1966 ornni
226 1921 315 1984 aetate,
326 1926 353 1971 in
368 1927 434 1973 omni
446 1927 568 1974 virtutum
586 1940 679 1986 genere
704 1929 786 1976 omnia
798 1929 965 1993 dereliquerat
982 1943 989 1977 a
1004 1931 1136 1990 maturior,
1152 1931 1233 1977 Deum

146 1986 274 2049 gloriosus,
286 1993 401 2042 sicutille
413 1996 448 2042 ait
460 2009 467 2041 a
479 1996 559 2042 Sedis
571 1997 680 2046 omnibus
703 1997 812 2045 Verbum
820 2000 977 2061 inprincipio
986 2001 1147 2061 ipso³semper
1155 1999 1238 2060 inisse

145 2069 283 2115 superam,
298 2065 394 2122 propter
408 2078 461 2111 eom
475 2066 516 2125 poa·
528 2079 572 2114 aas
588 2069 677 2115 ditexit.
703 2067 777 2125 atque
789 2080 842 2115 esse
860 2070 988 2130 cognovit,
1008 2069 1034 2118 et
1051 2068 1190 2117 manerein
1203 2081 1237 2118 se-

145 2125 212 2182 Quid
223 2129 260 2175 est
274 2130 440 2181 inomnlhusi
456 2135 518 2182 Sunt
526 2136 626 2185 athletas
635 2137 678 2197 qui
703 2135 824 2192 probavit.

147 2198 269 2246 vocentur
278 2203 366 2263 pueri,
375 2203 480 2262 ephebi,
496 2203 559 2262 viri3
570 2205 618 2252 hoc
630 2207 676 2264 est,
733 2202 772 2250 bb.
781 2204 955 2264 virosquoque
964 2202 1137 2264 Scripturanos
1146 2204 1231 2251 docuit

145 2261 234 2329 παῖδες,
249 2267 438 2341 septennalem.
455 2273 534 2318 Etiam
553 2273 679 2334 Scriptura
703 2271 839 2331 spiritales,
859 2273 940 2332 rigabo
964 2272 1086 2331 propheta
1112 2271 1231 2318 dicentes

146 2333 191 2382 has
208 2337 236 2385 in
257 2341 505 2401 luctatoribus-posit
525 2342 624 2401 aetates,
641 2343 678 2390 di·
703 2341 858 2388 Virumhanc
869 2343 977 2400 caiuscst
990 2353 1052 2388 zoae
1068 2341 1171 2396 limmate
1181 2339 1233 2386 olli·

144 2403 219 2453 conte
229 2407 310 2457 David
326 2423 332 2455 :
345 2412 381 2458 Ne
393 2413 484 2459 userius
494 2412 578 2472 faciem
586 2415 677 2460 memo
702 2410 790 2470 potunt
804 2410 882 2456 Judoei
897 2412 921 2456 to
942 2409 1096 2456 Hierusalem.
1107 2407 1136 2452 m
1147 2406 1233 2454 Festus

142 2477 280 2538 poerotoo3
291 2482 434 2528 ettlaoenis
441 2480 487 2540 fai,
496 2481 598 2528 etseaoi.
607 2481 677 2530 Unde
701 2479 754 2526 ait:
769 2481 813 2529 Vir
828 2480 924 2539 paidom
935 2480 968 2526 est
985 2477 1077 2524 relictas
1092 2491 1108 2523 a
1119 2476 1231 2523 Felicem

145 2544 172 2591 et
182 2544 307 2597 lohannes
325 2550 381 2598 ait:
398 2552 479 2600 Scribo
499 2551 579 2609 vobo,
593 2555 676 2614 poeri3
700 2551 812 2598 custodio.
828 2549 892 2596 Ante
909 2547 1045 2607 passionem
1059 2557 1130 2593 suam
1140 2545 1231 2591 Paulus

144 2613 203 2671 puio
213 2618 347 2677 copaootstis
360 2623 453 2680 patrem
472 2633 481 2667 a
499 2620 575 2667 scribo
593 2622 675 2680 vobo,
703 2619 843 2667 adolescens
855 2616 960 2675 dicitur,
972 2615 998 2663 in
1013 2615 1126 2676 passione
1137 2625 1180 2661 sue
1190 2614 1232 2662 sir

140 2682 236 2739 jaoeaes
242 2700 251 2746 ;
263 2689 319 2746 quio
329 2689 415 2737 vicistis
425 2688 517 2736 motum
528 2702 536 2735 .·
546 2690 623 2738 scribo
635 2704 677 2739 oo-
700 2687 852 2748 significatur
863 2719 871 2746 ,
893 2686 935 2746 qui
954 2697 1030 2732 cursu
1041 2682 1209 2731 consummato
1220 2690 1260 2762 'ir

145 2747 194 2808 Mis
203 2755 296 2816 patres,
304 2759 361 2816 puio
377 2759 512 2817 copaooislts
522 2771 576 2804 eum
588 2760 629 2819 qai
643 2762 676 2808 est
701 2757 766 2806 esset
774 2757 824 2813 jam
835 2754 964 2821 proximus
972 2753 1002 2799 ad
1013 2763 1136 2799 coronam.

144 2817 175 2864 ob
185 2821 261 2870 initio.
272 2825 388 2873 llatnrior
396 2825 479 2887 itaque
486 2826 517 2872 ad
525 2827 608 2885 patres
618 2827 677 2874 scri·
730 2825 768 2872 tt.
779 2823 939 2884 cognovimus
948 2821 1032 2868 aetates
1042 2832 1086 2880 pro
1096 2818 1145 2866 tide
1154 2817 1181 2865 ct
1188 2816 1230 2865 de·

143 2884 218 2949 bens,
235 2893 343 2941 maturos
360 2895 472 2955 designat
487 2895 547 2942 tidei
565 2895 677 2943 devotio-
700 2894 799 2941 votione
812 2891 950 2949 certantes3
966 2901 1139 2948 cognoscamus
1153 2887 1230 2933 etiam

143 2955 233 3014 nisque
247 2973 371 3019 processu.
388 2964 515 3012 Virtutum
530 2975 588 3022 ergo
607 2963 675 3022 istae,
700 2973 791 3020 genera
803 2959 967 3008 certaminum
986 2957 1150 3016 singulorum.
1172 2955 1231 3001 llaec

143 3026 348 3077 nonintirmitatis
354 3031 602 3090 aetatessunt3neque
610 3033 677 3078 enim
700 3040 799 3088 quoque
809 3026 942 3086 Scripturae
951 3038 996 3073 nos
1006 3024 1093 3072 doceat
1102 3023 1183 3068 tenor.
1201 3023 1232 3067 ln

142 3092 199 3140 sine
212 3096 304 3143 virtute
314 3110 379 3158 puer
389 3101 440 3158 est,
455 3099 499 3158 qni
510 3097 623 3157 cognorit
632 3100 678 3143 Pa·
701 3097 747 3142 hoc
757 3095 839 3154 itaque
847 3094 959 3142 saeculari
970 3103 1047 3150 agone
1056 3091 1098 3137 alii
1109 3091 1174 3148 sunt,
1183 3091 1229 3149 qni

144 3165 211 3207 trem
230 3162 309 3211 Deum
326 3165 460 3214 virtutum.
479 3168 516 3212 lix
536 3166 581 3211 illo
600 3176 677 3224 puero
701 3163 809 3222 simplici
831 3161 937 3222 quodam
958 3159 984 3206 et
1004 3158 1117 3218 legitimo
1137 3167 1231 3217 genere
1264 3208 1273 3216 ,

143 3229 186 3277 isti
202 3232 261 3279 sunt
275 3233 357 3294 pueri,
376 3236 419 3294 qui
434 3235 503 3295 prius
517 3245 592 3293 quam
602 3231 677 3280 sciret
701 3232 842 3290 luctantur,
854 3229 880 3277 et
890 3227 1105 3288 ligaturistautum
1119 3224 1228 3285 corporis
1247 3275 1252 3296 ἰ

143 3310 231 3347 vocare
240 3302 335 3360 patrem
343 3303 389 3350 aut
398 3304 511 3361 manem,
521 3299 677 3360 accepitvir-
701 3300 808 3358 certant,
817 3300 951 3346 verberare
961 3308 1010 3344 non
1019 3296 1122 3354 norunt,
1133 3295 1175 3354 qui
1183 3300 1227 3354 pa·

143 3369 223 3416 tutem
233 3371 355 3433 Damasci,
364 3373 389 3421 et
398 3373 476 3433 spolia
487 3371 610 3419 Samariae.
620 3371 675 3430 lpse
699 3369 812 3425 laestritas
824 3369 958 3418 vocantur:
970 3366 1015 3413 slii
1031 3364 1073 3425 qui
1091 3363 1184 3442 caedem
1202 3363 1231 3432 et

144 3441 182 3485 est
195 3453 258 3499 puer
267 3443 310 3502 qni
321 3445 394 3491 natus
403 3444 441 3490 est
451 3441 537 3501 nohis,
549 3440 616 3488 lilius
632 3440 675 3501 qui
698 3437 809 3498 pulverIs
823 3437 916 3496 lactum
937 3435 1103 3482 membrorum
1119 3429 1229 3479 nexibus

143 3506 214 3556 datus
222 3511 260 3558 est
270 3511 351 3572 nohis,
358 3511 427 3570 cujus
434 3509 588 3573 principatus
600 3521 676 3570 super
699 3507 816 3567 miscent,
824 3505 891 3554 omni
902 3501 1163 3559 sibiverherandijnre
1170 3512 1229 3560 per·

144 3574 260 3626 humeros
272 3579 334 3638 eins.
354 3581 409 3641 lpse
426 3591 471 3626 nos
490 3577 576 3625 docuit
591 3577 676 3636 pueri·
698 3577 789 3635 miss03
801 3587 862 3636 qnos
872 3570 1065 3635 pammacharios
1079 3569 1181 3628 vocant,
1197 3579 1232 3615 eo

143 3646 205 3693 tiam
216 3661 268 3696 esse
280 3649 402 3698 virtutem
421 3649 522 3696 dicens:
532 3648 605 3694 Sinite
616 3660 675 3707 poe·
699 3644 764 3705 quod
772 3644 850 3692 omnis
860 3642 913 3690 litis
924 3643 950 3689 et
961 3651 1049 3700 pugnae
1060 3637 1190 3718 adversum
1200 3648 1229 3684 se

143 3728 183 3765 ros
191 3749 199 3774 ,
208 3721 230 3766 et
239 3720 309 3767 nolite
320 3734 358 3768 eos
365 3717 488 3780 prohibere
500 3717 531 3763 od
540 3728 577 3762 ase
585 3717 674 3762 venire.
698 3713 806 3760 habeant
819 3710 966 3771 potestatem
981 3722 988 3755 a
1004 3707 1047 3756 alii
1059 3707 1102 3768 qui
1113 3706 1228 3753 caeshbus

143 3786 173 3831 nt
183 3787 259 3836 alibi:
269 3791 362 3848 Aeaeo,
377 3801 461 3846 amco,
476 3788 526 3833 dico
535 3784 616 3841 vobis,
629 3786 676 3832 arisi
699 3782 828 3829 adversum
839 3793 864 3827 se
882 3776 1030 3837 decernunt,
1043 3778 1069 3824 et
1085 3771 1228 3822 dilaceratis

143 3859 246 3906 conrasi
255 3859 356 3919 feceritis,
367 3860 389 3906 ei
404 3855 541 3917 efficiamini
549 3854 607 3901 sicut
617 3865 675 3913 puer
699 3849 836 3910 capitibus,
846 3848 1001 3907 cruciarium
1015 3845 1043 3892 hi
1052 3858 1133 3888 πνκται
1142 3841 1228 3925 ierun-

142 3925 388 3983 elemosinarium
403 3929 538 3986 inrepserit
554 3923 675 3971 commin.
699 3917 749 3966 tur.
875 3958 879 3966 „
1124 3977 1140 3989 .‚
1198 3931 1202 3938 ·

141 3995 309 4056 ipsassusque
324 3993 432 4055 corporis
442 3989 588 4040 fortitudine
602 3988 674 4050 pueri
729 3987 767 4035 56.
780 3986 836 4033 lime
845 3975 1227 4104 omniacertaminasnhrrtl’en(

143 4065 290 4124 plerumque
301 4062 367 4111 viros
376 4061 489 4111 vincunt.
504 4058 535 4106 Et
549 4057 636 4118 utique
652 4057 673 4105 si
697 4057 736 4103 lns
751 4052 889 4113 apostolus,
905 4049 970 4110 sicut
993 4050 1046 4108 ipse
1065 4043 1190 4092 demonstr

1215 3934 1218 3941 ι

143 4129 363 4194 aetatempneritiae
374 4128 621 4186 consideremusmon
631 4138 674 4186 po-
698 4125 784 4184 ltaqne
804 4120 866 4168 dicit
881 4132 888 4165 r
905 4118 1023 4181 moniam
1040 4125 1088 4177 aori
1102 4114 1138 4192 est
1158 4112 1226 4178 nobis

143 4203 192 4251 test
203 4215 266 4264 puer
277 4200 320 4250 aut
337 4211 409 4250 usum
420 4208 517 4248 omnem
536 4195 614 4256 scire,
631 4195 674 4243 aut
695 4193 749 4255 pate
763 4191 874 4261 *moereas
886 4198 980 4236 caraea
991 4185 1013 4239 ct
1023 4190 1160 4242 tanmem
1164 4195 1173 4241 3
1187 4180 1227 4229 rect
