2760 4794
411 432 445 479 lu
460 432 622 481 asterium
636 435 744 482 cxviii
762 437 952 486 EXPOSITIO.
1181 436 1232 487 stu

145 505 193 555 dob
214 523 222 556 r
240 511 326 559 moduli
343 511 459 572 femorum
479 518 573 564 monam
590 517 676 565 similes
698 518 762 566 bene
781 519 960 580 admonentur,
974 520 1005 568 ut
1020 520 1116 571 solvant
1132 523 1228 570 calcea·

147 578 267 637 torquibus
274 592 340 639 opere
350 582 453 640 artificis.
463 583 515 630 Nou
524 586 562 633 est
572 584 674 632 dubium
699 582 809 635 mentum
824 601 910 647 suum,
927 588 971 648 qui
986 589 1039 637 siue
1057 590 1158 649 peccato
1173 601 1227 638 esse

145 655 243 701 gressus
257 646 297 692 bic
308 660 405 708 quoque
422 651 551 711 Ecclesiae,
562 652 604 699 uel
620 651 676 698 ani·
699 666 747 700 non
756 655 877 713 poterant.
887 656 933 703 llic
941 656 1025 704 autem
1033 659 1169 705 nonsolum
1179 658 1229 705 cai·

147 725 193 759 mae
203 714 327 772 protectus
336 718 467 776 significari
478 733 484 764 z
495 723 572 781 Quom
581 723 677 781 speciosi
700 722 854 769 ceamentum
869 736 919 770 nou
935 723 1020 783 solvit,
1033 724 1077 772 sed
1093 725 1166 773 ctiam
1177 725 1229 773 cal·

144 783 212 840 pedee
221 786 275 830 aurat
284 787 494 844 evangelizantium
502 802 593 848 pacem,
606 802 676 836 ceca·
700 791 825 838 cenulenta
845 792 949 839 aliorum
966 793 1085 853 absolvit3
1100 794 1159 853 quia
1178 805 1228 842 nou

145 851 295 908 gelizaalium
305 852 472 913 boeotUtique
481 857 603 914 speciosos
614 856 675 903 dicit
700 856 778 903 salum
794 870 881 919 corpus
902 861 975 907 suum
997 861 1094 920 peccati
1116 861 1229 910 immune

145 918 298 977 Evangelicae
318 921 501 980 praedicationis
521 924 547 972 et
564 925 675 984 disputa·
699 927 807 973 servarit
818 941 825 973 ι
838 928 881 976 sed
896 928 972 976 etiam
983 929 1092 976 omnium
1107 929 1176 976 dedit
1189 929 1231 977 in-

145 986 676 1049 tionisprogressus,utalibidicitur:Trous·
700 992 851 1052 dulgentiam
867 997 1031 1055 peccatorum.
1048 998 1110 1055 Ergo
1120 996 1229 1045 Ecclesia

145 1058 238 1114 predere
248 1057 347 1114 nurnine
363 1073 371 1105 :
383 1058 429 1106 boc
444 1060 499 1118 est,
513 1060 634 1120 fluentia,
650 1063 676 1107 et
700 1058 731 1104 ad
741 1059 906 1109 imitationem
917 1061 1006 1108 Christi
1022 1062 1130 1121 speciosa
1141 1064 1192 1125 est,
1203 1064 1230 1111 ct

146 1123 241 1170 lubrica
252 1124 322 1172 istius
337 1127 422 1174 mundi
438 1129 575 1176 transcurre
591 1130 675 1176 stabili
699 1125 1072 1195 incalceamcutisomuiubluta
1083 1130 1182 1178 delicto.

145 1192 236 1239 ruentis
247 1193 354 1241 incessu.
363 1195 433 1253 Quod
443 1196 473 1242 dc
485 1197 574 1248 animae
590 1210 675 1256 gressu
731 1196 768 1241 ll.
777 1197 807 1242 Et
817 1195 918 1244 sortasse
929 1197 1025 1257 quando
1033 1198 1179 1256 sapientiam
1190 1199 1231 1246 in'-

144 1260 196 1307 dici
218 1263 244 1308 in
265 1263 443 1320 posterioribus
460 1264 504 1311 bic
525 1265 577 1324 ipse
596 1265 676 1312 Dauid
700 1262 738 1308 ter
752 1263 874 1322 perfectos
888 1266 1012 1324 loquitur,
1029 1265 1138 1325 speciosa
1150 1267 1187 1314 est
1202 1267 1231 1314 iu
1327 1304 1330 1309 «

145 1328 276 1376 evidenter
288 1331 408 1391 ostendit,
427 1331 541 1379 adserens
552 1333 617 1392 quod
627 1333 676 1379 tor-
701 1333 867 1392 superioribus
883 1335 1002 1382 membris
1013 1349 1020 1382 ε
1032 1336 1130 1396 quando
1146 1335 1231 1383 autern

146 1397 243 1444 rentem
253 1398 413 1458 iniquitatum
433 1413 478 1448 sua
495 1401 578 1448 anima
595 1403 676 1450 trans·
699 1402 775 1448 etiam
794 1403 918 1451 interioris
938 1405 1027 1464 status,
1047 1405 1091 1452 aut
1113 1403 1231 1454 doctrina

146 1465 214 1515 isset.
524 1513 526 1517 ,
699 1467 812 1515 homines
828 1471 933 1517 verbum
952 1471 1230 1530 sequuntur‚s1deise-

178 1536 216 1581 15.
228 1535 276 1583 Sed
285 1537 438 1585 revertamur
453 1538 484 1585 ad
499 1538 597 1598 Sponsae
608 1552 676 1600 gres-
699 1533 1231 1600 riemnonobliviscuutur,sacerdotisprae-

144 1617 196 1653 sus.
207 1606 272 1663 Quid
281 1606 327 1652 sibi
340 1607 392 1653 vult
402 1607 469 1666 quod
484 1608 580 1656 addidit
592 1609 618 1655 in
627 1610 676 1655 cal·
699 1602 769 1661 cepta
781 1604 936 1664 custodiunt3
956 1606 1066 1664 speciosa
1078 1607 1122 1653 est'
1132 1607 1159 1652 in
1178 1607 1231 1653 cal·

145 1675 409 1732 ceamentisspeciosos
420 1687 473 1723 esse
484 1688 581 1735 grossus
591 1677 676 1724 Eccle·
699 1672 842 1720 cementis·
861 1675 1008 1733 Plerumque
1025 1675 1106 1732 clerus
1121 1675 1231 1736 malit,

144 1739 673 1802 siaetbegimusitaquedictumadllloysen:
698 1739 815 1789 Sacerdos
833 1742 938 1791 mumvit
956 1743 1120 1802 sententiam,
1140 1743 1230 1792 divites

145 1811 210 1857 Soloe
220 1811 401 1856 calceamentum
409 1813 494 1871 pedum
506 1816 616 1871 tuorum3
627 1824 675 1870 quo
698 1821 754 1854 cum
766 1811 850 1856 saeculi
866 1810 937 1858 istius
955 1811 1055 1859 terreno
1072 1825 1130 1871 rege
1146 1825 1231 1861 sensc-

144 1879 245 1925 uidetur
266 1879 417 1938 admonitus,
448 1893 480 1926 ne
510 1881 676 1939 corporalibus
698 1877 776 1936 runt,
791 1879 896 1937 populus
914 1878 988 1926 tidem
1002 1879 1131 1940 propriam
1149 1893 1232 1929 resor-

145 1947 252 1994 vinculis
259 1948 386 1993 teneretur
396 1947 534 1995 adstrictus.
545 1950 606 2007 Ergo
618 1960 676 2007 spe·
699 1945 777 1991 vovit·
786 1946 854 1992 Unde
864 1947 939 1994 etiam
949 1946 980 1993 dc
989 1947 1156 1995 Domiuolesu
1164 1949 1230 1997 bene

143 2015 236 2062 ciosum
257 2015 378 2074 significat
399 2016 426 2062 in
452 2017 559 2065 Canticis
584 2017 684 2064 animae·
699 2025 825 2071 possumus
836 2015 933 2073 dicere,
949 2015 1008 2074 quia
1029 2015 1055 2062 et
1075 2015 1102 2062 iu
1117 2017 1156 2064 bis
1175 2030 1231 2077 quar

139 2085 359 2145 pulcritudinem,
380 2098 434 2145 quae
455 2099 528 2133 earne
551 2088 675 2146 tamquam
700 2083 834 2140 corporalia
849 2084 920 2142 sunt,
931 2084 1053 2143 speciosos
1063 2097 1159 2144 gressus
1169 2087 1232 2133 Ver-

142 2154 310 2202 celceamento
324 2154 419 2213 utitur,
431 2156 457 2202 et
472 2155 497 2201 in
515 2155 568 2215 ipso
580 2157 677 2202 calcea·
699 2150 757 2197 bum
768 2151 872 2211 habeat,
884 2165 941 2200 cum
953 2153 984 2200 de
995 2154 1130 2201 moralibus
1144 2154 1231 2214 dispu-

144 2223 227 2269 meuto
239 2222 443 2282 impedimentum
451 2236 501 2270 non
511 2223 620 2283 patitur:
633 2223 676 2270 sed
699 2219 774 2265 tatur.
792 2223 822 2269 Et
842 2221 944 2281 apostoli
959 2222 1014 2269 ideo
1035 2221 1136 2268 tortasse
1157 2223 1232 2272 nudis
1316 2215 1320 2221 ’

145 2290 255 2337 incessus
270 2291 358 2337 decore
369 2291 497 2349 praecellit.
510 2291 606 2338 Calceat
617 2304 675 2351 ergo
699 2287 829 2334 mittuntur
847 2289 969 2349 pedibus3
992 2302 1023 2336 ue
1043 2289 1232 2339 obumbraretur

145 2370 172 2404 se
181 2370 279 2405 carnem
288 2358 378 2418 anima,
390 2359 431 2405 vel
440 2359 674 2419 Ecclesiagratiam3
699 2368 784 2402 eorum
796 2357 945 2416 disputatio,
956 2358 999 2405 sed
1011 2358 1130 2405 eluceret.
1145 2360 1232 2420 ltaque

145 2426 173 2472 ut
185 2438 283 2473 cursum
292 2426 350 2474 vite
359 2427 432 2485 hujus
443 2427 468 2474 et
476 2428 606 2474 transitum
618 2441 675 2474 cum
699 2425 807 2472 Ecclesia
824 2426 876 2473 tilia
892 2427 1026 2474 aminadab
1035 2426 1105 2486 „hoc
1118 2428 1169 2487 esi,
1185 2440 1232 2476 vo-

144 2495 233 2543 decore
256 2495 396 2555 praetereat.
420 2497 489 2555 Quod
510 2497 552 2555 tit,
578 2497 599 2543 si
625 2499 675 2544 cal·
698 2495 801 2543 luntarii
814 2497 853 2543 vel
869 2495 1231 2556 beneplaciti‚quiavaluuta-

145 2566 300 2611 ceamentum
320 2578 392 2613 suum
416 2579 466 2612 uon
485 2567 600 2626 inquinet
621 2568 675 2615 luto
699 2563 750 2610 rius
766 2577 820 2610 eam
832 2564 858 2613 et
869 2566 1043 2626 beneplacitus
1057 2565 1238 2628 congregavit,
1310 2613 1313 2616 .

145 2634 279 2694 corporali,
295 2648 341 2682 nec
357 2636 383 2682 in
401 2636 518 2683 uitiorum
530 2637 622 2684 merset
632 2650 676 2685 vo·
699 2632 724 2679 el
735 2633 762 2679 iu
772 2635 944 2682 calceameutis
955 2635 1065 2694 speciosa
1074 2634 1120 2680 est·

143 2702 229 2761 ragiue
249 2715 256 2747 a
274 2703 294 2749 si
310 2703 414 2762 castiget
431 2716 530 2750 carnem
548 2716 630 2766 suaru3
642 2719 673 2753 ne
730 2703 768 2750 18.
779 2704 915 2763 Meritoque
927 2704 1039 2750 additum
1054 2703 1093 2750 est
1108 2702 1134 2750 iu
1149 2702 1232 2751 Canti-

144 2773 254 2819 moretur
269 2772 300 2819 ad
315 2786 426 2832 cursum,
436 2774 461 2821 et
472 2773 564 2822 arviuae
575 2775 674 2834 pinguis
699 2769 734 2816 cis
746 2783 752 2816 r
764 2773 853 2820 dioduli
859 2774 976 2832 femorum
987 2775 1080 2819 tuorum
1087 2773 1172 2820 similes
1183 2775 1232 2820 tor·

145 2839 253 2898 pondere
260 2841 413 2900 degravetur.
420 2843 513 2888 Bonum
520 2843 675 2889 calceamen-
699 2840 781 2897 quibus
792 2854 858 2900 opere
865 2855 981 2888 manuam
989 2842 1085 2899 artificis
1090 2856 1099 2900 ,·
1109 2841 1137 2888 ut
1147 2843 1231 2900 postc-

144 2907 199 2953 tum
209 2907 296 2952 animae
308 2908 427 2966 pudicitia
435 2909 568 2955 cstbouus
579 2921 675 2966 gressus
699 2908 779 2955 ritatis
789 2910 904 2956 Ecclesiae
915 2911 1059 2956 ornamenta
1070 2911 1230 2959 canerentur.
1250 2902 1253 2911 '

145 2973 217 3019 estin
228 2974 332 3033 uestigio
343 2975 471 3021 castitatis.
491 2975 618 3034 Sapientia
631 2987 675 3022 au·
699 2977 745 3022 Per
764 2975 845 3022 femur
863 2976 930 3022 enim
947 2975 1044 3034 insigne
1064 2977 1232 3035 generationis

145 3044 197 3103 tcm
207 3043 311 3090 amictus
320 3044 357 3090 est
367 3045 468 3101 animam
478 3043 544 3089 uude
554 3045 675 3104 scriptum
700 3044 865 3103 agnoscimus,
873 3043 944 3101 iuxta
955 3044 1017 3089 iilud
1028 3057 1034 3090 :
1046 3046 1171 3104 Accingere
1181 3047 1232 3105 glo·

146 3111 185 3158 ost
193 3124 200 3156 r
208 3114 306 3158 Honora
316 3125 378 3168 cam,
389 3114 411 3158 el
422 3113 606 3172 oasplectctortc.
618 3113 675 3158 Uta-
700 3114 764 3159 dium
774 3114 840 3160 tuum
850 3113 938 3159 circum
953 3112 1044 3170 femur,
1054 3115 1232 3171 potentissimae

145 3193 202 3227 mur
225 3192 282 3240 ergo
308 3192 408 3243 corpore
431 3182 556 3239 tamquam
580 3182 676 3229 calcea·
699 3192 748 3238 quo
768 3177 917 3236 significatur
932 3179 997 3238 quod
1012 3178 1089 3226 Filius
1107 3178 1154 3225 Dei
1172 3191 1230 3228 cum

146 3249 240 3308 mento,
251 3249 281 3296 ad
302 3246 426 3297 inferiora
437 3261 512 3310 opera
526 3249 627 3297 virtutis
644 3250 675 3296 ad
700 3247 862 3306 semetipsum
870 3247 1118 3305 exinanisset‚Verbi
1132 3247 1230 3296 accinc-

146 3317 326 3376 ministerium,
348 3329 398 3364 non
412 3318 444 3365 ad
461 3319 611 3379 praeceptum
625 3329 632 3363 :
644 3318 676 3364 ad
699 3317 739 3362 tus
754 3313 924 3375 divinitatem,
936 3315 962 3362 et
977 3315 1163 3375 generationem
1178 3317 1231 3363 cal·
1288 3318 1295 3324 “

145 3385 292 3445 obsequium
301 3420 308 3446 ,
317 3399 366 3433 non
380 3386 412 3433 ad
423 3386 632 3433 delectationem:
644 3387 679 3433 ad
699 3385 784 3432 coatus
794 3384 942 3444 humanam,
953 3384 1064 3444 prodiret
1074 3398 1108 3432 ex
1117 3385 1230 3448 Virgine,

145 3453 328 3514 obedientiam,
338 3467 388 3502 nou
400 3455 431 3502 ad
441 3455 619 3504 dissensionem
632 3469 638 3501 :
650 3455 676 3503 et
700 3453 815 3501 omnibus
831 3453 933 3500 daturus
950 3453 1064 3502 salutem.
1080 3453 1171 3503 Meduli
1185 3467 1232 3503 au-
1257 3459 1260 3465 ’

147 3523 174 3571 iu
185 3523 226 3570 uia
237 3524 365 3583 sapientia
375 3524 506 3582 vestigium
518 3525 675 3583 collocemus,
699 3523 749 3569 tem
761 3522 880 3569 dicuntur
894 3523 1037 3570 ornamenta
1052 3524 1160 3589 pretiosa
1175 3537 1232 3584 quus
1320 3561 1328 3569 .

146 3604 179 3640 ne
191 3604 287 3650 gressus
303 3594 397 3640 nostros
415 3591 454 3640 vis
464 3592 581 3640 torrentis
593 3596 676 3654 aliqua
700 3590 987 3650 suspendimatronarum
995 3591 1230 3642 cervicibussolent.

146 3659 285 3708 concludat.
700 3658 791 3704 l'antus
803 3670 861 3716 ergo
871 3670 998 3717 processus
1009 3659 1123 3706 Ecclesiae
1151 3657 1231 3715 signi·

179 3728 216 3775 lb.
227 3727 432 3787 ldeoadlloyseu
445 3727 539 3776 dicium
550 3729 677 3776 est=Solre
700 3725 805 3784 fleatur,
825 3726 854 3773 ut
873 3726 1022 3773 orrramentis
1047 3724 1231 3784 pretiosissimas
1327 3721 1337 3737 ‘

147 3799 337 3845 calceamentum.
349 3794 449 3843 Dictum
465 3797 503 3845 est
517 3798 542 3844 et
553 3797 584 3844 ad
593 3798 677 3844 lesum
701 3794 853 3853 comparatus
871 3793 922 3853 sit,
943 3795 969 3842 et
990 3792 1118 3850 torquibus
1140 3792 1231 3840 trium-
1296 3852 1300 3859 Ι

147 3866 232 3912 Nave:
248 3864 279 3911 ad
289 3864 411 3911 christum
423 3865 506 3912 autem
517 3876 566 3911 nou
577 3864 615 3912 est
624 3865 677 3912 dic·
700 3862 846 3923 pbantium3
861 3863 914 3910 haec
930 3861 996 3908 enim
1012 3858 1155 3906 ornamenta
1171 3860 1231 3909 suut

149 3936 215 3990 tum,
230 3933 272 3980 secl
288 3932 366 3992 magis
380 3933 503 3992 scriptum
515 3933 567 3992 est,
579 3933 676 3981 dicente
701 3930 931 3980 bellatorumunoe
940 3929 1133 3991 etSymmacbus
1142 3943 1230 3989 επιτρα.

149 3999 271 4058 baptista:
287 4002 542 4048 Postmeocuitoir....
555 4002 677 4060 cujmuoa
700 3999 768 4059 χηλια
787 4001 860 4057 dicit,
881 3999 928 4044 hoc
950 3996 1001 4054 est,
1020 4009 1075 4056 quae
1093 3998 1151 4045 sunt
1164 3996 1230 4046 circa

149 4068 677 4131 amurgamcolccomcataportore3quiailli
701 4071 801 4120 collum.
814 4069 871 4119 Sive
888 4079 945 4127 ergo
957 4065 1083 4128 generatio
1097 4066 1187 4116 christi
1197 4079 1238 4118 ex.
