2760 4794
143 480 189 529 250
536 471 656 515 sancei
674 469 836 515 inenosil

142 565 254 621 simque
265 559 332 607 videt
341 556 542 614 Christumque
551 553 671 613 Sponsum
695 551 788 599 riosum
805 551 854 599 sibi
871 550 1044 598 arbitrantur:
1064 550 1137 599 Dens
1156 550 1236 601 autern

143 631 246 691 recipit,
263 641 319 688 qun
340 627 395 675 cibo
418 624 472 683 ejus
489 623 623 684 pascitur:
642 624 671 668 lu
695 619 876 679 preibat,curn
884 618 983 665 ilcbrni
996 616 1234 667 lacerentiterdic-

143 700 229 747 nunu
239 699 288 757 eiua
299 696 431 755 concupii-i,
442 695 539 742 eiaedi:
552 692 672 750 attractus
697 689 772 750 nique
791 691 818 737 ira
832 690 942 736 columae
957 686 1028 736 subn
1045 688 1193 748 loquebatur
1207 688 1236 739 at

144 768 193 826 eiua
203 768 274 814 dulcis
283 768 308 813 tn
319 764 425 823 {oucibus
436 759 673 818 acoenonoetus
697 772 743 806 eea.
756 758 785 805 Et
796 757 823 804 ut
832 757 895 805 scias
904 756 963 817 qnia
971 754 1082 817 praeibat
1094 770 1103 803 a
1113 759 1192 815 Deae,
1202 758 1236 806 ia·
1261 770 1264 777 ·

144 837 199 895 eins
213 835 306 892 dulcio,
321 832 370 880 nisi
382 831 523 891 praedicatio
537 827 672 875 Dominicar
697 826 925 888 quit‚proiioiiliis
934 828 996 883 iter,
1005 827 1044 873 dic
1053 827 1155 887 quiden
1165 829 1191 874 iu
1200 838 1236 875 co·

145 904 277 966 passienis,
294 904 322 949 ut
340 901 393 961 ipse
409 900 462 947 ait:
475 902 533 946 Ecce
552 899 674 945 lroermitas
698 896 780 943 tumne
797 895 865 943 nubta
881 896 1061 955 mlendcnaidte
1072 897 1143 943 m
1153 898 1237 944 :m

145 974 243 1023 Domini
250 1005 259 1031 ‚
276 973 318 1030 filii
325 979 336 1024 ,·
353 982 450 1026 merces,
459 968 549 1027 fructus
568 964 673 1014 centris?
698 966 777 1011 entem
788 967 813 1011 in
823 965 932 1011 columne
942 965 1050 1023 ignem
1060 975 1116 1011 nori
1125 962 1237 1022 ΜΗ

146 1043 207 1100 Quis
217 1043 284 1089 enim
302 1038 398 1087 dulcior
414 1037 509 1084 tructus
525 1036 673 1096 potestesse
699 1032 921 1080 culurnnoaubiaia
931 1033 977 1080 die.

146 1110 174 1158 in
183 1110 294 1157 lancibus
303 1107 406 1165 nostris,
414 1117 488 1164 qnam
498 1104 610 1152 remissio
618 1116 675 1164 pec·
729 1098 1041 1159 15·iiancpraeeedentem
1051 1100 1136 1149 nubis
1149 1100 1238 1149 eninm·

147 1178 275 1228 catorumi
286 1179 315 1226 Et
326 1177 388 1223 bene
399 1174 444 1221 iios
455 1174 492 1221 est
501 1172 609 1219 Ecclesia
620 1186 675 1233 quaa
700 1180 756 1214 nam
768 1180 874 1227 sequens
883 1167 992 1215 Ecclesia
1001 1180 1055 1215 non
1068 1169 1238 1230 deficientem,

146 1246 255 1294 trucium
266 1243 409 1301 annuntiat,
424 1241 470 1287 hoc
482 1243 532 1299 est,
541 1239 675 1287 Dominum
700 1248 731 1282 ne
744 1236 797 1295 ipsa
808 1236 943 1296 deiiceret,
957 1236 1049 1283 umbra
1062 1237 1125 1295 ejus
1140 1236 1236 1297 rctriga-

145 1314 231 1363 iesum
247 1312 386 1369 christum,
406 1310 437 1357 de
459 1320 508 1368 quo
526 1307 620 1355 dictum
639 1308 677 1355 esi
699 1305 812 1363 robatur3
831 1307 856 1352 ut
874 1304 929 1351 ideo
947 1305 1010 1352 dicii
1023 1318 1030 1350 r
1043 1308 1077 1353 ln
1095 1306 1237 1366 nmbmeiu

146 1382 229 1430 nure
241 1395 248 1428 r
261 1382 384 1429 Benedicta
402 1382 428 1426 tu
444 1380 505 1425 inter
518 1376 639 1433 anniierea,
654 1379 677 1423 ei
701 1377 819 1435 coircrcpiei
824 1407 833 1432 ‚
845 1378 867 1422 ei
878 1377 924 1423 sedi
936 1389 945 1421 c
957 1376 979 1421 ei
990 1375 1068 1425 arden
1085 1377 1141 1436 ejas
1155 1376 1239 1435 fructu
1292 1406 1297 1415 -

148 1450 276 1500 micion
287 1448 375 1507 iunctus
385 1447 471 1493 centris
481 1446 524 1492 tui.
702 1444 843 1503 informibus
854 1443 923 1501 meis;
935 1441 994 1501 quin
1006 1454 1021 1488 a
1032 1442 1149 1490 Domino
1162 1455 1237 1504 pasce·

179 1519 217 1564 iz.
229 1518 289 1575 Ergo
300 1515 345 1563 ubi
355 1513 462 1573 gustarit
476 1512 583 1559 trucium
594 1512 676 1561 suani·
701 1511 786 1572 batur,
799 1511 904 1559 deducta
921 1511 947 1557 iu
964 1511 1050 1559 locum
1062 1524 1201 1573 pascuum,
1214 1514 1237 1561 et

150 1586 224 1644 tatis,
235 1584 366 1644 impatiens
378 1581 408 1627 ad
419 1579 566 1639 perfectiora
577 1580 677 1627 festinat
702 1593 790 1639 aquam
801 1579 952 1628 reiectionis.
961 1581 1113 1630 introducite
1121 1584 1237 1631 morde

150 1654 234 1701 dicens
250 1651 406 1699 :lestredueitc
419 1661 456 1695 arc
469 1650 494 1695 in
504 1648 598 1695 dorm
613 1650 676 1708 cini,
702 1664 767 1696 muna
779 1650 836 1697 cini.
845 1649 904 1697 inde
916 1648 994 1709 copiis
1005 1650 1169 1712 preparatis,
1178 1664 1236 1713 qua

150 1723 278 1771 constituite
289 1723 315 1767 in
326 1733 363 1766 me
373 1719 532 1774 dilectionem,
543 1718 678 1775 confirmate
702 1719 735 1766 rit
742 1718 855 1779 progredi
867 1719 898 1766 ad
908 1718 981 1765 aliam
988 1719 1156 1769 mansionem
1163 1721 1237 1782 mom

150 1804 187 1838 mc
201 1793 228 1837 in
242 1790 380 1850 unpnmiia,
397 1787 479 1845 stipate
494 1798 530 1831 ane
548 1786 575 1831 in
592 1787 677 1847 maiis3
703 1788 875 1849 mysteriorum
886 1789 987 1848 gratiam
995 1821 1004 1848 ,
1013 1790 1041 1837 et
1051 1790 1154 1839 laetitiae
1164 1790 1238 1853 capiat

151 1859 341 1920 ouieouioerota
350 1856 475 1903 dilectionis
485 1867 525 1914 eoo
536 1867 597 1902 aum.
609 1857 678 1904 Loco
703 1858 859 1904 suavitatem.
882 1857 945 1906 ilinc
966 1869 1068 1917 quoque
1093 1870 1237 1919 promovens

150 1930 200 1988 eius
209 1928 251 1977 sub
262 1927 335 1986 cupite
346 1937 396 1972 meo
402 1956 410 1982 ,
425 1926 448 1970 ci
458 1924 555 1971 &ciera
569 1924 619 1982 ejus
628 1938 679 1972 nm·
703 1938 789 1972 verum
801 1925 862 1985 iter,
872 1926 908 1972 ait
919 1940 926 1972 ε
936 1928 1078 1975 constituite
1089 1930 1119 1974 aba
1130 1929 1237 1983 medica-

149 1998 283 2060 pleaobiinr
292 2008 337 2043 me.
347 1993 461 2052 Adiuraoi
467 2005 521 2048 eoa,
531 1992 585 2050 iilic
595 1994 679 2039 lliern·
705 1995 798 2040 tionem.
807 1994 874 2039 Bona
884 1992 987 2052 stativa,
999 1993 1046 2040 ubi
1058 1995 1196 2053 plenitudo
1205 1997 1237 2043 cai

149 2071 220 2119 solem
227 2101 235 2127 ,
242 2071 268 2116 in
276 2066 427 2115 obtutibusci
437 2063 679 2124 fortitudininem
704 2060 821 2108 caritatis.
831 2062 972 2120 confirmate
982 2074 1035 2119 me,
1049 2061 1152 2125 inqrrit,
1162 2067 1188 2112 in
1197 2078 1238 2112 rsa-

150 2141 171 2189 ei
186 2137 349 2188 suscitaveritis
354 2165 363 2191 ‚
374 2136 397 2181 et
408 2133 596 2180 repudiaverim
610 2134 680 2179 dites
704 2132 807 2191 pacatis,
819 2132 901 2190 stipate
912 2143 949 2177 mc
959 2132 985 2177 in
995 2131 1079 2179 mdis.

151 2209 328 2265 tionemmaooe
336 2200 584 2263 onosolacrilnierito
591 2201 680 2260 quaerit
736 2198 773 2245 lo.
786 2198 867 2246 llnbes
886 2198 947 2245 alias
963 2200 1126 2263 mansiones,
1142 2203 1239 2263 adquae

152 2287 223 2334 eum,
233 2274 322 2320 merito
333 2269 470 2328 desiderat3
482 2268 541 2328 quia
552 2269 617 2316 bene
627 2280 680 2314 om·
704 2267 811 2314 Ecclesia
819 2279 875 2314 cum
883 2266 1049 2316 delectatione
1058 2272 1185 2321 succedit.
1190 2271 1239 2320 laice

150 2344 192 2391 nia
203 2344 229 2389 in
240 2342 286 2389 hoc
294 2352 368 2388 cursu
379 2339 451 2398 atque
460 2336 549 2384 itinere
559 2336 681 2396 disposuit
704 2335 842 2383 mansiones
852 2336 908 2383 sunt
916 2336 994 2383 crucis
1002 2336 1116 2397 Christi,
1125 2342 1153 2388 ei
1163 2341 1240 2401 aepul-

151 2412 287 2471 impcretor
316 2408 407 2455 niuster.
434 2405 542 2453 Primum
568 2406 680 2454 omnium
706 2403 817 2462 tnrae,in
829 2404 920 2465 quibus
930 2405 1061 2452 vulnerata
1073 2407 1117 2454 est
1125 2404 1238 2467 Ecclesia,

151 2479 209 2526 iidei
234 2475 393 2524 laudamento
418 2474 604 2521 tabernaculum
634 2475 680 2522 hoc
705 2473 748 2520 sed
762 2473 863 2520 vulnere
876 2471 992 2521 caritatis.
1005 2474 1106 2522 Vulnus
1119 2477 1188 2523 enlm
1206 2478 1239 2525 cst

152 2545 343 2594 confirmandum
361 2541 466 2600 putavit.
481 2542 578 2588 Deinde
596 2543 616 2589 si
633 2557 679 2602 qua
705 2542 888 2599 quodcbristus
899 2541 1016 2600 excepit:
1029 2543 1074 2589 sed
1085 2546 1238 2604 unguentum

153 2617 189 2662 est
197 2613 269 2660 uobis
276 2610 442 2673 asperantius
451 2611 518 2657 aride
527 2612 680 2671 eipraerupta
706 2610 819 2667 estquod
835 2608 928 2656 alludit.
942 2610 1043 2655 Pomum
1059 2610 1101 2656 est
1118 2613 1189 2671 qnod
1199 2625 1239 2673 pe-

152 2685 259 2741 rnansiu,
276 2682 409 2739 imperator
426 2681 507 2726 tamen
519 2678 565 2725 iste
584 2679 680 2726 turbata
706 2676 799 2733 pendit.
815 2678 866 2723 lloc
878 2689 976 2735 pomum
989 2678 1102 2734 gustavit
1117 2681 1238 2737 Ecclesia,

153 2750 285 2808 «suscessit,
294 2748 361 2796 arida
373 2746 472 2805 irrigat,
481 2746 577 2793 deserta
589 2745 681 2794 ioecun-
706 2746 731 2790 et
744 2745 779 2791 ait
790 2748 837 2791 :Ei
848 2746 937 2804 fruetus
947 2746 997 2803 cites
1008 2747 1083 2793 dulcis
1094 2748 1124 2794 in
1137 2749 1239 2808 saudim

152 2821 203 2868 dat.
212 2819 237 2866 Si
249 2818 309 2880 qnid
320 2813 507 2873 amaritudinis,
519 2814 540 2861 si
551 2814 610 2873 quid
625 2816 680 2862 ten·
705 2813 770 2858 meis.
778 2812 807 2857 lit
818 2813 844 2869 ut
856 2811 918 2857 seins
928 2812 987 2870 quin
996 2823 1100 2869 pomum
1110 2817 1152 2862 est
1161 2817 1240 2862 Domi·

154 2888 299 2947 tutionis,si
311 2885 370 2946 quid
382 2882 533 2930 infirmitatis
540 2883 586 2941 est,
596 2883 681 2930 ductor
705 2890 763 2938 nus,
774 2880 856 2938 legisti
867 2892 940 2938 supra
951 2891 957 2925 :
968 2882 1104 2939 minonem
1115 2886 1208 2931 mulum
1216 2886 1239 2931 in

152 2958 235 3005 nester
248 2956 273 3003 et
289 2966 370 3002 amara
382 2951 518 3011 temperat,
535 2951 560 2998 et
575 2951 680 2998 sollicita
705 2949 773 3008 lionis
786 2949 863 3005 siloa,
882 2950 918 2996 iio
934 2949 1088 2997 consobrinus
1105 2965 1183 3001 mens.
1196 2953 1239 2999 lios

152 3026 262 3086 mitigat,
270 3024 330 3073 dura
340 3019 465 3078 dissolvit,
474 3018 616 3066 etinvalida
624 3031 681 3066 con·
705 3028 802 3077 quoque
816 3018 906 3064 vulnus
918 3016 1037 3076 latemur,
1049 3030 1108 3065 cnm
1121 3022 1239 3080 prosulca-

151 3098 238 3145 fipmat,
705 3098 760 3133 mus
770 3084 892 3132 Christum
907 3085 1053 3133 crucifixum
1073 3099 1080 3133 c
1097 3090 1147 3137 sed
1164 3090 1240 3138 boum

182 3164 221 3211 li.
229 3165 268 3211 Sic
278 3163 321 3210 ubi
334 3161 387 3209 mili
395 3158 681 3221 reqrriescererexterrae
705 3155 765 3201 odor
775 3166 858 3202 snmus
869 3155 934 3213 De03
948 3155 1005 3214 quia
1017 3167 1078 3202 crux
1091 3157 1186 3206 Christi
1198 3160 1239 3206 in·

128 3222 131 3234 '
152 3233 289 3283 exercitum
300 3242 439 3288 auum,non
451 3227 582 3289 ignobilem
588 3227 680 3286 vicum,
706 3223 765 3270 dacis
775 3224 926 3283 scandalum,
934 3223 1023 3270 Graecis
1030 3225 1142 3274 stultitia
1155 3227 1238 3275 :nobis

152 3315 201 3349 non
209 3298 384 3348 commeatibus
395 3297 544 3355 indigentem
554 3329 562 3355 ,
571 3308 620 3342 non
628 3307 681 3342 are·
706 3292 788 3339 antem
799 3292 879 3340 virtus
893 3293 953 3352 Dei,
969 3292 1043 3351 atque
1055 3295 1182 3354 sapientia
1193 3296 1237 3344 est.

151 3380 211 3416 nosa
227 3368 253 3413 et
266 3365 332 3412 nuda
348 3364 513 3423 gignentium,
533 3362 577 3409 sed
594 3364 681 3410 urbem
706 3361 756 3406 iloc
767 3360 873 3407 nulnum
885 3360 992 3408 Ecclesia
1004 3361 1170 3423 vulneratur,
1184 3375 1236 3412 cum

153 3434 262 3483 {edificiis
271 3431 395 3490 nobilem,
406 3430 535 3489 refertam,
547 3431 681 3478 etuberem
707 3428 838 3476 salvatoris
852 3427 891 3476 sui
909 3428 1026 3487 predicat
1043 3431 1154 3478 mortem
1169 3444 1178 3479 c
1196 3431 1238 3480 sed

153 3499 558 3562 copiarum,autagnrmamoennm
568 3499 682 3547 civiren·
706 3497 752 3545 hoc
768 3497 857 3546 vulnus
875 3498 913 3545 est
928 3496 1045 3545 enitatis.
1062 3499 1180 3561 Deniqm
1196 3498 1237 3565 qui

152 3575 204 3619 tem
220 3569 331 3629 pascuis,
342 3568 385 3615 aut
394 3578 522 3615 nemorosa
532 3566 559 3615 ct
570 3579 682 3627 campes-
705 3576 755 3612 non
770 3566 863 3624 credit,
879 3566 953 3625 negat
964 3578 971 3611 ε
984 3567 1027 3626 qui
1043 3566 1144 3628 diligit,
1164 3568 1238 3618 conil-

153 3637 201 3684 tria
208 3635 303 3684 stativis
311 3635 447 3694 opportuna
458 3634 578 3682 decenrit.
587 3636 649 3693 Ergo
660 3636 680 3683 si
705 3634 779 3681 tetur.
788 3633 936 3682 linnicbaeus
943 3635 1031 3693 negat,
1039 3635 1195 3685 Christianus
1204 3636 1237 3684 ta·

153 3719 223 3767 reges
231 3706 304 3754 terre
312 3704 403 3750 norunt
412 3703 537 3750 commoda
550 3703 681 3762 providere
706 3702 785 3761 ietar3
798 3703 824 3749 et
835 3702 891 3750 ideo
902 3703 1020 3763 scriptum
1032 3703 1088 3750 est:
1103 3706 1179 3754 iiidie
1189 3706 1237 3754 nal-

154 3773 313 3835 sequentibus
323 3783 349 3819 se
361 3785 368 3817 ε
379 3771 470 3831 quanto
481 3773 557 3831 magis
564 3773 680 3832 Densqni
705 3783 763 3817 acra
774 3772 859 3829 amici,
871 3785 943 3831 qnam
954 3772 1090 3820 eolrcaiariu
1101 3776 1184 3821 oscado
1194 3775 1237 3821 iai·

153 3841 292 3898 bonusest,
303 3839 372 3886 novit
382 3839 586 3898 quemadmodum
596 3839 681 3897 prein-
706 3840 767 3885 anisi.
779 3839 865 3886 Pulcre
881 3851 938 3898 ergo
953 3839 1015 3886 dicit
1030 3840 1143 3889 Ecclesia
1155 3854 1163 3888 r
1179 3844 1238 3904 Quia

154 3914 210 3957 tura
229 3908 342 3967 disponat
359 3907 519 3968 diligentibus
534 3905 575 3954 se?
585 3906 619 3953 Ac
630 3908 681 3966 pri·
705 3908 829 3956 volancia
839 3908 943 3954 caritatis
954 3921 993 3967 epo
1004 3920 1065 3955 sum.

154 3989 221 4025 nrum
229 3977 250 4024 si
261 3976 411 4037 incognitum
420 3976 568 4036 carpendum
577 3976 614 4023 est
622 3975 679 4035 iter,
737 3976 775 4022 ll.
797 3976 920 4024 Nudemus
938 3977 1049 4024 niembra
1068 3978 1154 4026 nostra
1174 3980 1237 4027 bone

154 4045 521 4104 ‹lrrcespligunturviarum,qni
532 4045 681 4103 presumat
705 4044 816 4102 uuisioni,
833 4044 956 4094 nudemus
974 4045 1067 4105 sagitte
1083 4047 1182 4096 electas.
1195 4048 1238 4095 Sa-

154 4112 254 4172 ugmini.
266 4112 315 4161 Sed
329 4113 375 4160 lroc
390 4112 549 4172 imperatores
561 4111 601 4159 isti
617 4111 681 4170 inju·
705 4112 764 4171 gitta
773 4112 825 4160 llaec
834 4111 941 4161 Christus
953 4112 1239 4173 est,quiuicit=1¹ossii
