2752 4784
141 401 189 454 360
533 404 660 453 SANCTl
679 402 852 452 Ambnosll

142 482 296 536 Providcbom
306 487 433 536 Domtnum
447 489 472 536 ia
488 492 608 550 conspecto
619 501 670 536 meo
699 500 784 548 opem,
796 499 844 548 quo
862 485 944 556 adjuta
958 485 1090 547 presidio,
1107 486 1219 538 inoffensa

142 569 231 618 semper
236 571 245 617 3
265 559 377 618 moniam
391 571 407 604 n
421 559 631 614 aestumanda,
641 571 670 603 ne
698 556 896 616 operacastitatis
908 556 1021 604 exercuit
1030 589 1039 615 ,
1048 568 1095 604 nee
1106 557 1221 604 auxilium

143 624 340 673 commercandi
355 624 428 672 Petro
446 626 529 673 sancto
547 625 669 685 apostolo,
694 637 803 686 quaerere
822 625 934 678 maritale
951 627 1081 684 compulsa
1097 628 1154 686 est,
1168 627 1221 674 dicii

144 704 203 738 oum
218 692 270 740 tota
281 693 353 741 nocte
364 693 429 740 uilrll
440 693 560 753 cepisset,
576 691 671 751 utlogl-
695 694 740 741 tibi
749 693 866 741 Dominus
877 707 883 738 r
896 695 978 742 Venite
993 696 1146 755 disputearrm
1166 695 1222 754 Quia

142 771 199 808 mus
212 759 239 806 in
251 761 421 821 Evangelio,a
438 758 563 809 salvatore
578 760 670 807 dictum
693 762 807 818 judicasti
831 761 950 820 viduam,
979 763 1068 809 oculus
1096 765 1156 810 tuus
1175 764 1223 810 tons

141 828 183 876 est
194 841 201 875 ε
212 831 277 877 Mitte
294 832 320 877 in
336 832 457 878 &suram
473 834 566 891 portem
586 829 672 889 navigii
694 831 778 888 gratiae
799 829 844 878 tibi
864 829 943 878 factus
960 829 1006 878 est.
1023 830 1116 879 Vidisti
1135 833 1223 882 nudum

143 900 213 945 retia.
228 899 313 957 ltaque
330 899 409 947 fretus
423 899 550 959 imperatis
561 896 672 946 celesti·
696 898 870 959 eorpusiuopis
878 898 962 957 iacere
971 898 1156 960 defuncti,nou
1167 914 1223 960 pra·

143 964 205 1024 bus,
215 967 283 1015 misit
296 966 413 1031 retia,*et
422 968 555 1028 plurimum
565 966 671 1026 piscium
696 967 791 1027 teristl,
805 970 835 1015 ut
849 966 893 1014 ille
909 967 952 1028 qui
968 969 1107 1028 exponitur
1117 969 1223 1016 inEvan·

144 1035 310 1095 congregavit.
327 1037 354 1083 ln
369 1036 466 1083 sinistra
485 1048 536 1082 nox
552 1035 604 1082 erat
621 1046 628 1080 =
645 1034 672 1081 in
696 1037 776 1097 polio,
790 1036 901 1085 sacerdos
911 1039 985 1097 atque
1002 1037 1100 1086 levita:
1113 1038 1157 1086 sed
1170 1049 1223 1085 con·

143 1102 247 1151 dextera
264 1104 344 1153 divini
358 1106 477 1154 sermonis
486 1105 608 1153 claritudo
623 1103 672 1151 tul·
696 1106 764 1154 tiuuo
793 1105 942 1167 miseratus,
970 1106 1107 1166 sepulturae
1137 1106 1223 1154 solau'is

144 1175 219 1234 gebat
230 1175 326 1224 diurna.
696 1174 819 1222 tradidisti
834 1189 842 1221 r
861 1174 989 1234 generavit
1004 1174 1053 1222 tibi
1070 1175 1161 1238 ,oculus
1178 1187 1224 1222 ma·

176 1240 199 1290 o.
218 1244 260 1292 Est
276 1246 303 1292 et
317 1245 494 1293 oculusvitulae
504 1258 512 1292 r
522 1243 589 1306 (prod
604 1255 672 1304 aeque
696 1245 785 1292 teriam
799 1245 966 1293 redemtionis.

145 1312 176 1362 ad
186 1312 328 1374 peccatores
337 1313 456 1375 reterlnr3
469 1315 528 1373 quia
543 1315 607 1361 sicut
619 1311 672 1372 jugi
727 1313 750 1360 ⁷.
758 1314 857 1372 Contra,
867 1312 1032 1374 siadrpiciens
1043 1323 1131 1371 agrum
1138 1311 1223 1372 pupilli

144 1382 197 1431 loro
212 1381 297 1429 vitarim
307 1380 441 1430 adtrabunt
452 1381 610 1443 iniquitates,
623 1393 673 1429 non
698 1380 777 1429 vineis
797 1382 937 1441 conatum,
964 1382 1052 1429 laetum
1078 1380 1223 1440 segetibus,

145 1449 314 1510 dirumpentes
332 1461 414 1510 neque
427 1451 600 1499 abscindentes
616 1463 673 1510 pro-
697 1450 837 1498 nemoribus
844 1448 1130 1508 urnbrosis,autssuriis
1141 1449 1224 1495 decur-
1285 1444 1290 1461 ¹

144 1520 241 1580 prium,
261 1519 305 1567 sed
313 1518 385 1577 longo
399 1520 526 1567 trahentes
542 1519 600 1566 tune
616 1532 674 1578 pec·
697 1519 821 1580 tontibus,
837 1520 879 1568 aut
896 1518 1006 1566 lontibus
1016 1517 1223 1576 scaturientibus,

146 1588 237 1634 catum.
265 1584 386 1634 indomite
415 1587 482 1633 enim
511 1587 589 1635 vitula
619 1600 673 1634 sero
696 1589 739 1636 aut
755 1589 864 1649 riparum
874 1587 986 1635 herbosis
995 1599 1124 1633 amoenum
1138 1586 1222 1645 thoris,

144 1652 671 1713 mansuescit,eitrahltlora,noususcipit;
697 1653 1222 1705 etavaritiaefacibusaceensustranstulisti

96 1731 99 1734 ·
145 1721 204 1780 qula
222 1720 355 1781 impatiens
376 1722 414 1769 est
433 1721 559 1768 tenendi:
577 1723 603 1769 et
623 1735 672 1781 quo
698 1725 794 1782 patrum
804 1727 996 1785 limites,atque
1012 1724 1222 1784 inpossessionen

144 1788 239 1837 diutius
262 1786 383 1849 traxerit,
405 1799 435 1836 eo
463 1789 569 1850 amplius
592 1788 673 1848 impe-
697 1791 851 1841 indefensam
868 1794 994 1853 improbus
1014 1792 1223 1840 irruistlroculus

145 1858 224 1907 ditur.
458 1877 460 1881 ⁴
697 1862 753 1910 tuus
763 1863 811 1910 tibi
819 1864 905 1910 mortis
914 1862 1042 1922 perpetum
1053 1861 1144 1910 acerba
1152 1872 1222 1922 geue-

144 1945 146 1948 ⁴
176 1927 201 1976 o
220 1926 312 1975 Oculus
324 1939 421 1989 quoque
439 1927 619 1988 generationis,
630 1930 673 1978 aut
696 1930 768 1980 ravit.
787 1931 880 1978 Vicina
901 1930 984 1978 vidue
1002 1930 1062 1988 iura
1081 1929 1221 1976 temerasti:

143 1996 200 2045 dous
209 1996 376 2058 geuoeatiouis
386 1995 477 2044 dicitnr
486 2008 493 2055 3
502 1995 560 2057 quia
572 2009 604 2042 ex
615 2009 673 2045 ocu·
697 1999 798 2060 coegisti
817 2012 874 2048 eam
893 2013 949 2060 quse
964 1999 1008 2046 aut
1017 1999 1221 2056 doloremsuum‚

142 2065 226 2114 lorum
237 2067 368 2126 conspectu
378 2065 504 2123 ruthena,
521 2066 563 2113 aut
571 2066 673 2113 adversa
697 2068 738 2114 aut
749 2067 867 2128 pudorem
878 2068 980 2117 secretis
991 2068 1077 2116 clausa
1089 2066 1222 2127 parietibus

144 2135 303 2194 generantur.
320 2134 410 2182 Vidisti
426 2134 540 2182 mulieris
551 2133 673 2194 pulcritu-
696 2135 779 2185 lovere
788 2138 902 2199 deberet,
919 2137 1033 2198 prosilire
1044 2136 1072 2184 in
1082 2136 1221 2196 publicum,

144 2202 229 2251 dinem
236 2237 244 2263 ,
251 2202 357 2250 laudasti
368 2202 468 2251 artilieis
476 2215 536 2263 opus
543 2235 550 2262 ‚
558 2203 673 2250 venusta·
697 2206 886 2254 inverecundius
896 2219 970 2267 quam
985 2205 1106 2264 injustius
1116 2205 1220 2264 litigare:

143 2271 196 2320 tem
203 2273 312 2320 naturae:
324 2273 450 2331 generatio
458 2271 673 2330 ddei,devotionis
696 2275 846 2323 oculustuus
853 2276 938 2336 partus
949 2275 1133 2334 iniquitatisest
1138 2274 1220 2322 iactus.

144 2342 182 2388 est
187 2341 279 2401 partus.
286 2340 490 2388 Contentusiuisti
496 2340 579 2388 iormae
584 2341 672 2389 decore
697 2342 785 2389 Vidisti
796 2342 895 2403 inopem
907 2343 1013 2402 superbo
1024 2342 1114 2401 oculo,
1125 2343 1151 2389 et
1159 2342 1220 2387 insa-

143 2421 194 2457 non
204 2409 600 2467 censurambitlone,sumsistiin
610 2421 672 2456 uxo·
696 2409 775 2457 tiabili
790 2411 863 2459 corde
877 2410 1032 2472 :despexisti
1048 2423 1150 2470 precem
1164 2422 1222 2471 pan·
1244 2464 1246 2468 ¹

144 2488 215 2536 rem,
229 2471 317 2536 gen'uit
332 2476 396 2524 tilios
411 2476 558 2524 liberalioris
568 2477 671 2537 gratiaer
698 2478 762 2536 peris
784 2492 792 2525 r
813 2481 838 2526 et
858 2492 933 2540 quem
952 2479 1065 2526 misereri
1085 2479 1220 2534 debueras,

145 2546 230 2592 oculus
240 2545 287 2592 ilbi
297 2544 346 2592 fuit
353 2546 479 2605 generatio
490 2558 671 2605 prosperorum.
697 2559 753 2593 eum
769 2547 867 2595 fastidio
887 2547 1018 2607 praeteristi
1038 2561 1045 2594 a
1064 2550 1151 2595 oculus
1168 2547 1222 2595 tuus

143 2613 673 2671 contemplatusessacrampnellam‚pressit
697 2615 750 2662 lons
765 2615 814 2662 tibi
825 2616 874 2664 iuit
885 2618 910 2663 et
919 2617 986 2676 origo
996 2618 1103 2676 peccati.

144 2680 227 2727 oculos
237 2680 295 2726 tuos
305 2681 564 2740 augustaereverentia
574 2681 674 2728 eastitu-
725 2686 749 2734 8.
769 2687 875 2747 ideoque
890 2688 955 2734 oculi
972 2686 1008 2735 tui
1026 2699 1077 2734 non
1097 2687 1150 2747 lupi
1160 2686 1222 2734 oculi

143 2749 193 2795 tis:
206 2747 342 2808 praedicasti
360 2748 494 2812 Dominum
509 2748 608 2808 lesum,
629 2751 672 2810 qui
696 2753 759 2814 siut,
778 2756 804 2802 et
824 2756 963 2802 insidiantis
983 2755 1015 2802 ad
1037 2757 1161 2816 praedam,
1181 2753 1223 2802 sed

143 2819 249 2865 senilem
260 2815 368 2864 dedisset
374 2817 401 2863 iu
409 2817 589 2864 adolescentula
601 2818 672 2866 atate
696 2821 760 2872 sio'ut
775 2823 873 2882 sponsa
894 2824 985 2871 dicitur
996 2837 1002 2870 :
1015 2825 1082 2872 Oculi
1099 2828 1133 2872 tui
1142 2828 1222 2884 elapso

143 2887 313 2948 gravitatem,
335 2887 568 2946 immaculatamque
595 2888 673 2936 vitam
696 2894 722 2938 ia
740 2892 848 2950 Boeben,
868 2894 894 2939 ia
909 2895 983 2953 portis
1001 2893 1057 2950 tilioe
1075 2895 1221 2940 multonem:

140 2955 211 3021 'inter
221 2955 386 3004 infirmastam
395 2956 497 3004 lubrieae
510 2956 673 3014 huiuscamis
695 2958 764 3008 nares
778 2962 894 3009 tuoe‘sr'cot
911 2964 983 3010 turris
990 2961 1086 3009 Libani.
1099 2962 1221 3021 Stagnain

143 3025 392 3074 illecebrashumanis
397 3025 527 3074 infudisset
532 3025 672 3074 affectibus:
696 3029 789 3077 Esebon
799 3029 860 3089 quid
874 3031 924 3089 est,
936 3030 984 3077 nisi
999 3030 1223 3090 incogitationibus

52 3152 55 3159 A
143 3095 198 3143 fons
208 3095 326 3144 bonorum
344 3095 389 3143 est.
401 3096 491 3144 Vidisti
509 3097 673 3156 possessiones
696 3098 879 3146 rationabilibus
897 3099 1064 3157 abundantia,
1080 3113 1137 3160 quaa
1151 3100 1223 3147 estin

143 3166 308 3226 pupillorum,
321 3176 370 3211 non
382 3164 413 3212 ad
428 3164 611 3222 invadendum,
629 3164 673 3212 sed
697 3167 771 3226 portis
792 3168 920 3226 Ecclesiae,
942 3167 982 3215 oui
1006 3167 1097 3214 merito
1114 3168 1223 3215 delectur

143 3235 175 3282 ad
197 3235 317 3281 tuendum
334 3232 379 3281 :et
403 3234 512 3293 paternis
530 3233 672 3293 ingemuisti
696 3237 826 3285 multitudo
840 3237 970 3285 doctrinar?
980 3237 1042 3284 Filia
1054 3238 1122 3285 enim
1134 3239 1223 3286 multo·

143 3301 294 3360 visceribus,
309 3303 330 3347 si
342 3301 403 3362 quid
414 3301 543 3349 advertisti
553 3302 583 3348 de
594 3303 672 3350 mino·
695 3319 766 3366 rum,
783 3307 944 3366 plurimarum
960 3306 1126 3354 doctrinarum
1144 3307 1223 3366 poste·

142 3367 317 3416 riscommodis
324 3381 377 3416 esse
386 3370 544 3428 neglectum:
557 3370 671 3428 repulisti
695 3375 753 3421 ritas
771 3375 858 3422 ellectu
874 3375 926 3433 est,
942 3375 1012 3433 cuius
1030 3387 1103 3421 nares
1118 3377 1177 3423 odor
1187 3377 1223 3423 est

142 3447 201 3483 enm
217 3436 260 3494 qui
275 3436 337 3483 fines
352 3435 406 3494 eius
423 3439 521 3485 volebat
534 3437 670 3485 invadere:
694 3440 867 3488 sacrificiorum
894 3442 995 3489 floribus
1020 3444 1135 3491 omnihus
1161 3457 1223 3504 pra·

141 3501 257 3565 iudicasti
269 3503 362 3563 pupillo
374 3517 381 3548 r
393 3505 478 3552 oculus
489 3507 546 3552 tuus
556 3504 609 3553 fons
624 3506 670 3553 libi
694 3509 1223 3571 stansQuidenimcnristiodoresuluirnius,

142 3570 192 3636 ¹fuit
202 3571 228 3617 et
245 3571 311 3630 origo
327 3571 439 3629 iustitie.
458 3573 578 3620 iudicasti
590 3573 670 3622 viduae
694 3577 736 3637 qui
745 3579 859 3626 abolebat
866 3580 944 3627 thuris
953 3579 1224 3640 fragrantiamtoculus

142 3638 301 3706 (sicutenim
313 3639 378 3686 mala
387 3639 514 3700 drachma,
524 3655 572 3689 non
584 3643 671 3691 drach·
695 3660 751 3708 ergo
769 3648 816 3695 iste
836 3650 964 3709 provideat
984 3663 1039 3709 quae
1050 3650 1134 3698 lutura
1147 3653 1223 3699 sunta

141 3723 185 3760 rua
200 3723 207 3758 a
222 3709 257 3756 sic
268 3709 361 3755 malum
374 3707 510 3770 judicium,
522 3725 571 3759 non
585 3714 670 3775 utique
694 3718 719 3764 et
737 3717 757 3763 si
780 3717 882 3765 adversa
906 3718 1037 3766 imminere
1065 3721 1224 3780 praeviderit,

140 3775 274 3842 iudicium)
281 3777 407 3838 ;1udicasti
416 3791 473 3839 ergo
484 3781 548 3828 sicut
554 3783 635 3839 justus
646 3785 671 3831 et
694 3785 756 3832 lietu
766 3785 928 3846 lacrymisque
941 3787 1052 3835 emollire
1063 3800 1092 3836 ac
1108 3790 1223 3849 mitigare

143 3849 222 3896 bonus
230 3848 310 3908 judex
323 3860 330 3894 r
344 3847 428 3895 vidisti
445 3852 615 3909 usurpatorem
624 3852 670 3899 im·
694 3868 742 3902 non
754 3855 857 3902 desinat.

143 3920 261 3978 probum,
277 3919 320 3980 qui
334 3918 440 3966 maritali
459 3921 552 3966 auxilio
568 3923 671 3970 destitu·
723 3925 1223 3986 9.ldeollieremiasincaptivitategentis

143 3988 291 4046 tum‚suam
305 3988 670 4051 praedamputarotziniquita-
693 3994 782 4041 iudaeae
811 3995 923 4054 positus,
948 3994 1055 4041 futuram
1082 3997 1222 4055 praevidens

130 4054 196 4105 ‘teus
212 4069 261 4108 non
278 4070 362 4120 passus
382 4070 409 4111 os
420 4070 428 4128 ξ
439 4058 517 4108 tulisti
536 4059 669 4110 indefensae
693 4064 819 4124 perpetum
825 4063 978 4126 captivitatis
985 4075 1135 4126 aerumnam,
1146 4077 1222 4126 qrraru
