2760 4794
151 390 197 439 tls
544 389 665 435 snucrl
681 387 841 433 lubuosll

149 476 192 535 Jus
209 476 308 535 saculi,
324 485 373 522 non
387 470 522 520 monadum
532 467 680 517 architectos
736 465 774 514 ll.
786 465 902 526 Scdquia
912 436 1020 515 Graecus
1031 463 1129 523 babet,
1139 456 1244 509 nurum

153 538 591 592 domorumasedsecundumrorbum
599 538 680 594 tuum,
704 532 788 594 σξιυμα
795 549 848 594 μου,
858 533 903 581 boc
914 532 967 581 cst:
976 535 1061 581 lueret
1072 534 1176 593 wius
1185 544 1244 590 uest

151 611 217 672 quod
233 612 271 660 est
289 621 354 659 rere
367 606 494 667 sapientias
512 605 679 663 bonorumque
705 604 763 651 licet
774 603 882 663 potuerit
898 601 925 650 et
936 602 1054 660 scriptor
1070 599 1243 658 errare,etlc-

152 691 255 740 opsruns
270 677 470 733 tundamentum
482 673 510 720 ut
526 685 601 732 super
618 671 680 719 illud
705 671 767 718 ccrit
778 667 875 730 uoce,
886 669 988 726 horest,
995 669 1139 729 deprecatio
1152 682 1160 714 r
1172 667 1242 714 tamen

152 747 284 794 constituat
298 744 419 804 propbeta
435 752 521 789 aurum
537 739 616 786 cordis
627 739 679 799 sul,
705 739 751 786 boc
761 751 857 798 quoque
867 739 1057 797 explanemus,
1068 736 1098 783 ut
1113 747 1240 794 pessumo.

151 814 278 873 amentum
289 809 407 859 sermonis
417 809 468 867 sui,
482 806 577 867 lapides
587 807 680 866 pretio-
704 807 797 866 Nempe
807 819 864 855 cunr
873 806 1006 853 bominem
1020 816 1112 863 regem
1123 814 1205 862 rogas,
1212 802 1241 849 di·

150 893 189 928 sos
199 880 368 940 operationum
377 889 491 936 suerunt
502 876 531 923 ut
538 888 599 935 opus
609 887 680 922 suum
704 875 740 921 cis
750 876 778 923 ut
788 868 1028 934 contemplationem
1042 873 1138 919 babeat
1154 871 1240 918 bonoria

150 949 200 997 labi
213 949 239 996 et
248 947 330 1008 pcrlre
340 959 391 994 nou
401 945 485 1006 possit.
705 944 755 1001 tui,
767 945 850 1004 tangat
860 956 918 994 euin
929 945 981 991 tuae
1001 941 1188 1000 contemplatio
1195 940 1239 998 diq-

181 1016 219 1064 lu.
230 1016 346 1075 Sequitur
355 1027 442 1062 versus
452 1011 574 1060 secundus
586 1023 594 1057 a
606 1013 680 1059 lnlret
704 1011 802 1069 nitatis,
813 1012 842 1058 ut
852 1011 894 1058 aut
903 1010 1081 1066 misercatur,
1092 1008 1115 1055 si
1127 1006 1200 1054 venia
1210 1007 1239 1052 cst

147 1086 272 1146 postulatio
283 1097 336 1131 meu
347 1095 426 1130 enom
443 1081 617 1128 tersecundum
627 1093 680 1126 oer-
704 1078 866 1135 postulanda:
879 1076 1089 1136 nutdetcratpro
1101 1075 1189 1122 ordine
1196 1075 1238 1133 dit·

149 1154 205 1201 burn
216 1156 280 1201 mum
291 1152 413 1200 tibnome.
426 1148 488 1196 Vide
499 1147 619 1195 ordinem.
627 1147 679 1194 Pri·
704 1148 795 1194 nitatis.
809 1147 902 1207 thuid
912 1147 1013 1205 dicam,
1025 1145 1116 1204 rogas?
1124 1145 1167 1191 Sic
1176 1156 1239 1191 uuus·

147 1233 216 1268 mum
234 1220 299 1266 dixit
311 1232 319 1264 ι
329 1219 501 1278 Appropioquct
518 1218 594 1263 orolio
609 1229 678 1262 meu:
703 1219 808 1278 quisque
818 1218 968 1277 ingreditur,
981 1219 1015 1264 ut
1026 1215 1195 1276 dignitatibus
1204 1212 1238 1261 do·

148 1289 234 1348 postea
248 1288 402 1341 intellectum
418 1285 541 1347 poposcit,
554 1286 678 1333 securidum
704 1285 803 1333 lcmlur.
816 1285 892 1332 Necte
902 1297 960 1343 ergo
972 1285 1002 1332 et
1023 1284 1199 1336 devotuslleo
1207 1281 1238 1327 di·

148 1358 259 1405 culmos:
268 1357 342 1403 tertio
350 1356 385 1402 ait
394 1369 400 1400 ε
410 1357 484 1402 latret
494 1354 679 1414 postulationes
702 1356 737 1401 cit
747 1369 754 1400 t
767 1359 840 1403 intret
852 1357 951 1415 diqnitue
958 1368 1018 1401 naeu
1029 1367 1118 1403 corum
1127 1356 1159 1400 le.
1169 1351 1237 1397 llabct

148 1438 228 1472 corum
239 1429 270 1473 te.
287 1425 371 1470 Nonne
390 1423 495 1482 quodam
506 1420 624 1467 boninus
634 1433 678 1466 nos
703 1424 729 1469 et
745 1425 895 1472 Christianus
922 1422 1078 1481 dignitatem
1105 1432 1190 1479 suam,
1203 1418 1236 1478 qul

149 1492 240 1539 invitat
260 1505 322 1551 usu,
332 1493 359 1556 et
376 1491 500 1549 suscipere
518 1490 633 1548 dignatur
643 1489 678 1534 al·
703 1493 770 1538 inrito
781 1490 924 1550 imperatori
931 1491 1038 1545 militat.

148 1559 230 1608 tectu?
240 1562 325 1607 Nonne
333 1573 388 1606 cum
399 1560 507 1617 aliquem
516 1557 547 1604 do
555 1556 678 1615 primariis
734 1563 771 1608 lb.
784 1561 844 1610 Sunt
853 1560 968 1607 maximas
977 1559 1006 1606 et
1015 1571 1087 1605 νει-ω
1096 1558 1159 1606 fidei
1169 1555 1236 1616 digni·

147 1628 207 1675 viris
227 1627 350 1675 desideras
368 1626 513 1684 convenire,
529 1626 636 1683 primum
647 1625 678 1670 ad
702 1627 778 1686 tates,
798 1629 853 1676 sunt
874 1629 995 1674 bonorum
1020 1627 1122 1675 diversi
1141 1627 1167 1673 et
1184 1623 1236 1684 apul

147 1694 200 1751 ejus
211 1694 310 1741 domurn
319 1695 511 1753 appropinquas:
519 1693 601 1750 postca
612 1703 677 1748 quae·
702 1696 822 1743 Christum
828 1697 934 1743 ordines.
940 1699 1103 1745 Posuillicus
1111 1695 1237 1742 induciaris

58 1795 62 1803 ,
146 1762 180 1807 ris
192 1761 317 1811 informari
329 1762 403 1819 atque
419 1759 522 1816 instrui3
535 1761 562 1805 ut
577 1769 677 1814 coguos·
701 1765 775 1819 primo
783 1765 906 1826 apostolos,
915 1765 1017 1811 urendo
1026 1763 1236 1822 oropnsnsnror

148 1841 188 1877 cas
198 1831 307 1876 mentem
318 1829 395 1888 patris
406 1828 512 1874 familias
523 1839 530 1871 r
542 1825 631 1871 deiude
649 1828 677 1871 ut
701 1832 811 1886 doctores.
821 1831 868 1879 Sed
878 1832 931 1878 iste
942 1830 1184 1878 administrantium
1194 1829 1237 1886 dig·

147 1898 201 1956 cius
212 1898 310 1947 domum
330 1896 488 1956 ingrediaris,
504 1895 634 1953 imploras;
645 1907 675 1940 ne
701 1900 800 1946 nitales.
811 1900 873 1946 Sunt
884 1899 959 1946 mam
969 1899 1138 1956 privatorum
1147 1931 1155 1956 ,
1165 1901 1192 1943 ut
1199 1898 1237 1952 cst,

146 1967 202 2026 quis
215 1968 241 2015 te
252 1965 353 2024 abjiciat
364 1966 390 2012 et
400 1963 530 2011 excludat?
540 1964 610 2009 Pulsa
618 1975 675 2021 erqo
700 1967 792 2027 pictus,
801 1968 911 2026 justitia,
926 1967 1069 2025 sobrietas,
1083 1966 1236 2023 castimonia,

148 2035 173 2080 et
182 2034 386 2093 tureqiamillam
397 2032 522 2080 coelcstcm
531 2045 539 2079 c
548 2032 675 2090 pulsanon
701 2034 840 2095 disciplina.
858 2037 921 2083 Sunt
932 2037 1010 2083 etiam
1029 2037 1159 2083 orationis
1169 2036 1238 2094 digni·

146 2115 222 2149 manu
233 2102 354 2162 corporis,
371 2102 415 2149 sed
435 2101 539 2160 quadam
560 2099 676 2146 orationis
701 2105 762 2150 tates
775 2119 782 2151 ε
795 2106 816 2153 si
827 2118 870 2164 pro
881 2105 955 2152 vidua
970 2117 1063 2163 roges,
1079 2104 1103 2150 si
1121 2117 1192 2163 roges
1202 2114 1238 2162 pro

146 2173 195 2219 tuae
213 2171 324 2219 dextera.
340 2172 394 2217 Non
404 2170 454 2217 sola
471 2181 558 2216 munus
569 2168 676 2228 corporis
701 2174 808 2231 pupillo,
819 2174 840 2220 si
848 2186 918 2231 roges
928 2185 972 2231 pro
984 2172 1167 2230 misericordi,
1177 2173 1237 2218 siro

146 2238 229 2298 pulsat
244 2251 253 2285 r
272 2239 353 2299 pulsat
368 2238 394 2286 et
410 2250 472 2296 ἴση
499 2238 618 2294 scriptum
639 2237 676 2283 est
700 2253 742 2299 ges
752 2253 796 2299 pro
804 2241 912 2287 nimium
922 2241 1013 2287 devoto
1025 2253 1055 2287 ac
1069 2240 1144 2287 lideli
1158 2239 1194 2286 :si
1204 2251 1237 2286 ro·

146 2307 226 2355 enim:
236 2308 377 2367 Vennones
388 2309 433 2354 ruci
440 2307 519 2366 pulset
529 2306 674 2364 odiernum.
700 2321 742 2368 ges
754 2311 781 2356 in
791 2310 962 2368 tribulatione,
980 2321 1056 2366 rogos
1069 2322 1135 2355 cum
1145 2308 1237 2364 doloro;

144 2376 272 2425 Pulsamus
283 2379 309 2424 et
319 2376 404 2435 digito.
416 2375 529 2433 Denique
540 2374 566 2419 et
573 2373 676 2418 Thomas
701 2378 721 2422 si
733 2379 819 2424 rnoesto
829 2378 855 2424 et
870 2378 922 2437 ipse
935 2377 978 2436 qni
995 2389 1070 2434 rogas
1084 2375 1238 2436 compatiaris

146 2442 222 2501 digito
242 2443 334 2490 meruit
360 2441 461 2499 ianuam
489 2440 677 2488 resurrectionis
700 2446 803 2502 affectu,
814 2445 891 2491 intrat
907 2445 984 2491 oratio
996 2444 1039 2491 tua
1052 2445 1105 2492 Dei
1119 2445 1237 2503 gratiam:

146 2512 251 2570 aperire.
263 2513 294 2558 nt
306 2511 353 2558 tibi
363 2510 423 2558 dicit
437 2511 526 2560 lesus:
539 2509 604 2567 lnfer
618 2511 676 2567 dipi-
700 2514 775 2560 intrat
791 2513 890 2560 domum
908 2513 974 2569 eJus,
985 2513 1007 2558 si
1026 2514 1118 2559 tecum
1135 2511 1238 2559 Ecclesia

146 2583 196 2626 ium
207 2584 272 2627 tuum
283 2581 367 2627 leuc...
378 2583 400 2627 et
415 2582 480 2627 mitte
493 2592 578 2626 monus
589 2580 641 2624 tuos
651 2580 675 2622 in
701 2583 861 2639 deprecetur,
878 2581 899 2626 si
920 2581 1027 2639 populus
1042 2581 1185 2628 universus
1195 2581 1238 2625 irn-

145 2649 206 2694 lotus
217 2661 293 2693 meum
308 2661 317 2692 .·
332 2650 354 2693 ct
364 2648 413 2693 noli
423 2661 470 2694 case
481 2648 628 2701 incredulus,
637 2647 676 2692 sed
701 2650 828 2706 ploret,ul
839 2648 936 2694 Domini
948 2648 1056 2694 inclinet
1069 2648 1195 2695 favorem.

144 2715 224 2772 sutelis.
242 2714 315 2760 Pulsa
332 2726 389 2771 ergo
404 2713 495 2771 digito,
513 2714 534 2760 si
547 2726 595 2759 non
607 2716 676 2771 potes
731 2717 768 2764 l6.
779 2717 930 2774 Quidautcm
941 2714 1023 2772 rogat?
1034 2717 1070 2762 Ut
1085 2718 1203 2772 eruatur,
1214 2714 1238 2761 ul

146 2780 289 2845 totamanu.
308 2780 498 2837 Pulsajanuam.
510 2780 619 2827 Christus
639 2782 676 2826 cst
701 2784 835 2840 liberetur3
854 2796 884 2829 eo
901 2783 965 2841 quod
981 2784 1034 2840 J'am
1053 2784 1103 2829 diu
1124 2785 1239 2830 adversus

143 2850 233 2907 janua,
243 2849 287 2909 qui
297 2847 332 2895 ait
343 2861 350 2894 τ
359 2851 406 2895 Per
413 2862 450 2895 occ
459 2850 480 2896 sc'
489 2851 539 2909 quis
547 2850 675 2906 introierit,
700 2849 1093 2908 nequitiasspiritales,adversus
1102 2850 1238 2896 tentamen-

145 2918 283 2965 solrubitur.
700 2918 1036 2976 inhujussaeculipraelietur3
1049 2930 1083 2963 oo
1091 2918 1159 2977 quod
1167 2927 1238 2975 grave

176 2987 215 3033 13.
227 2988 286 3033 Cum
298 2986 361 3033 banc
370 2985 444 3045 igitur
452 2985 551 3043 ianuam
562 2987 675 3044 pulsave—
700 2987 737 3032 cst
748 2987 807 3031 satis
817 2987 925 3044 longaevo
936 2998 1008 3030 cursu
1019 2985 1097 3032 istius
1110 2988 1171 3033 vitae
1188 2986 1238 3031 diu-

146 3055 193 3113 ris,
202 3055 259 3103 vide
270 3055 389 3116 quomodo
399 3055 554 3114 ingrediaris3
567 3068 598 3101 ne
613 3054 674 3100 lorte
700 3055 794 3101 ternam
805 3056 925 3100 sustinere
943 3053 1072 3099 militiam.
1087 3056 1205 3114 Denique
1216 3054 1239 3100 et

146 3124 223 3181 etjam
230 3123 441 3184 ingressus,extra
447 3125 602 3181 conspectum
611 3122 675 3180 regis
700 3121 763 3168 inira
775 3122 854 3170 dicit:
867 3125 917 3169 Heu
928 3136 963 3168 roe
974 3123 1035 3180 quod
1044 3124 1169 3170 incolatus
1178 3135 1239 3169 oscus

117 3184 120 3189 ’
146 3191 187 3236 sis.
199 3191 268 3236 blulti
283 3191 455 3250 ingrediuntur
470 3190 576 3249 palatia,
589 3191 614 3236 ct
626 3201 674 3234 non
699 3193 847 3252 prolonqetus
863 3193 909 3239 est!
926 3191 1071 3249 lngemlscit
1092 3193 1165 3237 enirn
1178 3190 1238 3252 quod

146 3259 227 3306 statim
243 3273 326 3319 regem
340 3261 415 3308 istum
424 3263 550 3307 terrenum
566 3259 652 3305 rident
665 3271 671 3302 ε
699 3260 831 3308 indefessas
840 3261 893 3320 jugi
904 3261 987 3306 labore
998 3260 1090 3307 tendat
1103 3263 1236 3318 excubias;

146 3325 189 3371 sod
199 3325 340 3385 frequenter
351 3328 495 3385 observant,
504 3328 533 3374 ut
543 3326 673 3384 aliquando
699 3329 785 3376 ctideo
793 3331 876 3388 petita
885 3329 1123 3376 totadvcrsantibus
1130 3329 1237 3386 liberari,

146 3392 231 3438 videre
248 3396 397 3441 mereantur.
414 3397 463 3440 Nec
475 3395 625 3453 praesumunt
636 3393 675 3439 vi·
699 3409 743 3443 noc
752 3409 807 3443 cum
815 3397 920 3443 terrenis
927 3396 1073 3443 bominibus
1082 3399 1141 3445 vult
1149 3398 1237 3443 babere

146 3463 220 3509 deudi
232 3464 346 3522 copiam:
364 3464 407 3511 sed
416 3466 478 3521 iussi
497 3466 674 3524 rcpraesenian-
698 3466 854 3511 consortium.

145 3533 201 3590 tur,
210 3533 236 3578 et
246 3544 344 3591 precem
355 3532 461 3580 tundunt
472 3545 479 3591 3
492 3534 518 3579 ut
533 3545 588 3579 cum
600 3534 675 3579 benc·
729 3535 767 3579 ll.
778 3534 892 3593 Sequitur
902 3544 986 3579 versus
1003 3531 1099 3579 tertius
1113 3547 1121 3579 z
1135 3537 1238 3582 Erucio·

146 3601 255 3648 volentia
273 3601 445 3661 suscipiantur.
463 3602 557 3648 Primus
574 3601 612 3648 sui
623 3615 675 3648 scr·
700 3602 755 3648 bunt
770 3602 833 3648 lobio
850 3615 903 3648 mco
914 3601 1039 3659 lryrnoum3
1057 3614 1119 3648 cunr
1136 3604 1238 3650 docenio

146 3669 224 3716 ononis
239 3669 361 3729 ingressus
373 3670 425 3729 cst,
441 3682 473 3718 ne
491 3670 550 3730 quid
568 3671 672 3730 titubet,
700 3686 733 3717 me
747 3671 920 3729 justificationes
939 3673 999 3716 lune.
1019 3670 1157 3719 Eructavit
1172 3673 1237 3732 hym

147 3751 181 3786 ne
195 3740 255 3798 quid
269 3740 383 3788 offendat.
395 3740 490 3798 Quanto
501 3741 674 3799 magisrogan·
697 3754 770 3800 num,
786 3741 829 3800 qui
850 3740 929 3799 potest
946 3740 1047 3785 dicero:
1062 3742 1151 3790 Boaris
1174 3742 1238 3790 enirn

146 3808 192 3856 dus
207 3811 244 3856 est
262 3810 344 3869 Deus,
360 3809 388 3856 ut
399 3809 489 3857 ostium
500 3810 673 3858 misericordiae
698 3812 754 3856 odor
762 3811 848 3856 curisti
855 3823 935 3856 surius
944 3811 1002 3855 Deo.
1016 3806 1045 3851 ut
1056 3807 1128 3855 bone
1141 3810 1239 3857 eructat

146 3890 196 3924 suae
204 3878 285 3926 nostra
295 3878 447 3937 ingrediatur
457 3878 551 3924 oratio?
561 3879 673 3938 Denique
697 3879 739 3937 qui
748 3876 853 3937 plurima
865 3878 890 3924 et
900 3876 984 3923 suavia
996 3878 1128 3937 praccepta
1137 3880 1238 3926 Domini

146 3943 172 3989 ot
181 3945 269 3993 Paulus
276 3947 344 4005 rogat
354 3947 382 3994 ut
392 3945 517 4004 aperiatur
526 3946 573 3992 sibi
585 3946 673 3994 ostium
697 3947 839 4004 gustaverit.
851 3945 949 3992 Eructat
957 3945 1096 4004 hymnum,
1106 3949 1154 4006 qui
1166 3961 1238 3996 erric-

147 4011 218 4059 corbi
227 4014 415 4075 adloquendum
423 4014 567 4076 mysterium
573 4015 672 4064 Christi.
681 4043 687 4066 ι
697 4016 789 4064 tnvcrit
800 4015 910 4063 verbum.
921 4013 1033 4073 Denique
1042 4014 1072 4061 et
1083 4016 1170 4065 linrld
1182 4018 1237 4064 ante
