2760 4794
481 462 514 504 ru
529 452 688 506 nsn'uuuu
701 461 814 507 ‘curru
828 447 1019 508 nxrosrmo.
1243 461 1290 510 tro

205 539 327 588 cmctarit
345 533 447 588 verbum
464 541 569 602 bouum,
585 541 627 590 bie
638 541 734 588 eructat
757 553 803 588 nec
815 543 896 590 solum
912 543 1031 603 otiosum,
1043 543 1087 591 sed
1104 538 1180 591 ctiam
1191 545 1288 606 pericu-

205 607 334 668 hymnum.
342 610 434 656 Bonum
443 610 511 657 enim
519 622 608 670 panem
617 609 733 669 gustavit,
758 611 853 670 losum,
864 623 908 670 pro
919 624 969 671 quo
979 611 1100 658 rationem
1112 623 1196 659 sumus
1205 612 1288 659 reddi·
1347 622 1350 629 ·

204 677 247 736 qui
258 676 289 723 de
300 677 361 724 coelo
368 677 500 724 deseendit
512 691 519 723 a
530 679 621 724 bonnm
629 689 733 736 panem,
758 678 817 723 turi.
827 680 902 725 Omne
912 680 979 725 eninr
987 679 1090 726 verbum
1098 680 1201 726 otiosum
1212 680 1289 741 quod-

189 756 278 805 ‘quem
293 745 314 792 si
330 745 385 804 quis
400 745 603 803 manducaverit,
618 756 667 791 non
682 757 735 791 rno-
758 758 863 805 cumque
874 747 949 794 locuti
957 747 1093 806 fuerlmus,
1105 748 1235 794 reddemus
1243 761 1287 807 pro

204 813 283 860 rietur
296 813 322 860 in
333 815 462 861 aeternum.
480 813 561 859 ilabet
572 812 676 859 verbum
688 813 734 859 Dei
759 815 926 862 serationem.
945 817 997 862 Non
1008 817 1075 864 enim
1088 816 1211 864 mediocre
1222 818 1288 877 peri·

203 883 290 940 epulas
301 895 356 929 suas
366 895 373 926 a
385 882 445 928 alias
455 881 576 938 fortiores,
585 881 613 927 ut
624 881 661 927 est
670 882 733 940 Lex,
759 882 840 928 culum
859 884 910 943 est,
929 895 985 930 ennr
1000 883 1092 930 habeas
1108 885 1178 931 tanta
1190 886 1288 944 eloquia

204 951 395 1008 etEvangelium
404 963 411 994 c
421 950 480 996 alias
488 948 627 1008 suaviores,
637 949 666 994 ut
678 949 735 996 sunt
758 951 819 1009 Dei,
831 952 856 998 et
869 952 914 998 Dei
926 964 1000 1011 opera
1015 966 1069 1012 quae
1078 952 1137 999 fecit
1148 954 1173 999 in
1182 953 1287 1012 Genesi,

203 1019 307 1078 psalmi,
319 1018 344 1064 et
353 1018 450 1063 Cantica
462 1018 621 1064 canticorum.
634 1017 736 1062 Eructa·
758 1017 818 1066 tecit
828 1020 855 1066 in
866 1021 962 1081 Exodo,
981 1021 1041 1067 fecit
1060 1021 1086 1067 iu
1103 1022 1228 1080 Levitico,
1239 1023 1289 1069 Nu·

204 1088 246 1133 bat
256 1087 375 1147 hymnum
387 1087 509 1145 Ecclesia,
526 1087 568 1133 vel
583 1086 665 1132 anima
675 1086 733 1144 pia,
759 1088 846 1146 meris,
857 1088 1062 1145 Deuteronomio,
1074 1088 1132 1134 lesu
1147 1088 1230 1147 Nave,
1245 1089 1288 1134 lu·

204 1156 247 1201 cui
257 1155 355 1202 dicebat
365 1156 432 1201 Deus
441 1155 548 1200 Verbum
558 1156 669 1200 :lasiaco
676 1154 735 1199 mibi
758 1155 848 1201 dicum
858 1156 935 1212 libro,
951 1156 1104 1213 Regnorum,
1117 1155 1190 1213 atque
1206 1156 1288 1204 Esdrae

204 1236 283 1269 uocem
305 1227 386 1282 tuom3
402 1225 459 1282 quio
474 1236 522 1269 voac
538 1225 579 1269 tuo
597 1222 674 1268 suasio
691 1224 733 1268 cst.
757 1223 839 1282 libris3
848 1223 940 1270 tecltin
951 1223 1091 1282 Evangelio,
1100 1224 1141 1270 rel
1152 1223 1288 1270 tractibus

205 1289 335 1336 Eructabat
350 1289 485 1348 hymnum,
501 1290 542 1336 cui
562 1288 675 1335 dicebat:
686 1291 734 1335 Fo-
758 1292 936 1351 apostolorum,
947 1291 995 1338 illis
1006 1286 1189 1350 praetermissis,
1201 1291 1288 1349 loqua-

204 1369 258 1402 oum
266 1359 377 1405 distillant
385 1359 449 1407 lobio
460 1361 501 1406 tao
506 1389 514 1417 ,
525 1371 648 1419 ospoaso:
659 1358 734 1404 metet
757 1359 791 1405 ris
801 1371 855 1418 quae
867 1359 950 1406 saeculi
966 1360 1036 1418 sunt,
1047 1356 1133 1405 audias
1140 1371 1194 1417 quae
1204 1357 1288 1405 saecull

201 1425 241 1472 loc
252 1426 293 1474 sub
304 1427 384 1486 linquo
392 1430 441 1474 too.
758 1426 823 1472 suut.
836 1429 889 1486 sepi
899 1441 968 1474 ouras
980 1430 1033 1474 tuos
1051 1427 1124 1486 spinis
1135 1441 1143 1472 ε
1156 1426 1250 1473 utinam
1262 1427 1288 1473 et

235 1494 273 1540 18.
285 1494 334 1540 Sed
342 1507 391 1540 non
401 1495 481 1553 potest
489 1492 545 1553 quis
554 1495 611 1540 ante
622 1491 732 1539 emetat-e
757 1492 865 1552 linguam
876 1493 943 1540 tuam
952 1494 1073 1552 obsepias.
1084 1492 1132 1539 Sed
1141 1493 1207 1552 quod
1216 1491 1288 1550 peius

204 1560 323 1620 hymnum
332 1595 339 1621 ,
348 1564 396 1610 nisi
403 1564 518 1610 didicerit
523 1563 631 1621 justitias
639 1562 697 1618 nel,
708 1561 733 1606 et
757 1562 810 1619 est,
820 1561 969 1608 circumdata
983 1562 1020 1607 est
1035 1561 1118 1619 lingua
1135 1560 1178 1606 tua
1197 1560 1287 1619 spinis,

202 1629 318 1677 didicerit
328 1632 359 1677 ab
370 1632 422 1690 ipso
434 1632 538 1678 Domino
548 1632 601 1676 Deo
610 1642 663 1677 suo.
675 1628 732 1674 ldeo
756 1641 811 1688 quae
822 1629 1000 1688 compungunt,
1012 1629 1036 1675 et
1044 1629 1175 1675 vulnerant
1185 1628 1287 1686 loquen-

202 1700 344 1757 speciallter
354 1701 400 1746 hoc
408 1701 488 1747 David
497 1700 574 1759 petit,
584 1700 614 1745 ut
625 1710 682 1744 eum
691 1697 733 1743 do·
755 1697 806 1743 tem
818 1710 873 1756 quae
885 1697 970 1744 mundi
981 1696 1046 1743 sunt.
1061 1696 1119 1742 ldeo
1133 1694 1287 1743 adversarius

201 1767 542 1825 eeatDeus3audierateninr
555 1765 732 1826 etcognoverat
756 1765 830 1825 etiam
847 1765 974 1812 orantibus
992 1764 1137 1824 frequenter
1157 1763 1288 1810 saeculares

201 1834 228 1880 in
242 1835 346 1893 spiritu,
362 1839 423 1896 Quia
441 1850 502 1882 uuus
517 1837 628 1894 inopere·
645 1836 694 1890 est,
707 1831 732 1880 et
756 1831 859 1880 offundit
867 1833 1034 1898 cogitationes.
1046 1832 1071 1877 Si
1082 1842 1139 1890 ergo
1146 1843 1196 1876 non
1210 1830 1287 1877 debe-

130 1903 132 1909 '
201 1902 257 1947 ideo
268 1903 360 1960 ubique
381 1904 462 1962 ipsum
477 1903 525 1949 sibi
544 1903 666 1948 doctorem
678 1900 732 1947 deri
755 1914 811 1947 mus
838 1901 923 1946 audire
953 1901 1048 1958 aliona,
1072 1901 1116 1946 vel
1142 1899 1286 1958 superflua:

200 1968 387 2028 postulabat3ut
397 1970 427 2014 ab
438 1963 491 2027 ipso
499 1968 604 2015 disceret
613 1967 733 2024 justifica·
756 1969 943 2028 quantomagis
965 1981 1014 2014 non
1032 1968 1151 2014 debemus
1172 1962 1290 2027 obloqui;¹

201 2037 280 2083 tiones
285 2036 471 2094 ejusQuomodo
476 2037 544 2084 enim
550 2037 647 2083 cantare
652 2034 733 2095 potest
757 2048 813 2082 cunr
822 2037 887 2084 dicat
896 2036 1028 2096 unicnique
1039 2036 1150 2082 nostrum
1160 2032 1294 2094 Scriptura¹

199 2105 255 2164 quis
266 2106 293 2150 ln
309 2106 492 2164 metoparum,
508 2106 534 2152 et
547 2105 634 2152 timore
648 2116 734 2162 poeua·
756 2105 905 2153 venerabilis
924 2119 932 2151 a
951 2107 1080 2170 Araocelum
1091 2107 1112 2151 ct
1123 2117 1209 2151 aarum
1220 2107 1287 2150 tuum

201 2171 271 2218 rum?
281 2173 411 2230 Quomodo·
420 2175 518 2221 cantare
530 2173 610 2233 potest
621 2173 732 2232 gravium
757 2175 829 2232 allipo
840 2177 879 2220 :ct
895 2175 932 2220 ori
947 2176 987 2221 tuo
1002 2173 1041 2232 foc
1053 2173 1138 2232 jupam
1149 2175 1171 2218 et
1178 2170 1287 2232 pondus?

201 2241 248 2288 sibl
261 2242 371 2288 conscius
382 2241 541 2302 delictorum,
552 2241 601 2288 nisi
612 2241 681 2300 prius
691 2240 733 2288 fiat
756 2241 834 2299 alliga
844 2253 943 2288 sensum
952 2240 1025 2287 tuum
1035 2239 1083 2285 uda
1097 2239 1265 2286 taciturnitate
1277 2251 1285 2283 a

201 2309 733 2370 reniaesecurustneniqueinpostorioribus
756 2310 829 2369 alliga
849 2321 976 2357 sermones
990 2309 1062 2367 tuos,
1082 2307 1181 2366 impone
1198 2306 1286 2367 iugum

202 2377 296 2426 babes:
310 2381 427 2440 Quomodo
442 2378 593 2426 cantabimus
616 2379 732 2424 canticum
756 2378 792 2425 ori
803 2378 846 2426 tuo
854 2391 862 2438 3
870 2391 902 2425 ne
914 2377 1033 2424 indomita
1046 2376 1142 2424 cervice
1152 2377 1286 2444 uerborum

201 2448 299 2493 Domini
308 2449 333 2492 ia
348 2450 413 2494 terro
431 2447 510 2494 olicae
517 2479 526 2504 ,
538 2445 565 2492 in
576 2457 624 2505 qua
635 2446 733 2504 impug-
756 2459 782 2492 sc
791 2446 875 2504 iactet.
887 2448 988 2506 Impone
996 2444 1105 2505 pondus,
1115 2444 1144 2491 ut
1154 2445 1224 2506 cauto
1233 2456 1286 2491 onr-

200 2514 320 2574 uetnr,in
328 2526 376 2572 qua
382 2514 521 2573 captivetur
529 2515 555 2560 in
561 2514 616 2573 lege
624 2515 731 2573 peccati,
754 2514 796 2561 nia
804 2529 858 2575 quae
868 2516 993 2576 loquimur
999 2513 1148 2561 trutinemus
1159 2512 1284 2560 examine.

133 2581 149 2603 ⁶
201 2579 731 2641 iuquadesseatatquedeploretsuaecapti-
754 2581 1286 2642 Quibustamenspinisntsepiasaurestuas

201 2648 286 2696 vitatis
297 2647 447 2696 aerumnaml
753 2651 879 2710 Scriptura
887 2651 934 2697 tibi
943 2651 1018 2709 dicit;
1028 2649 1076 2696 nisi
1086 2649 1190 2696 contrito
1202 2649 1284 2707 corde,

231 2718 269 2764 19.
275 2718 334 2764 Ettu
341 2729 398 2777 ergo
404 2717 449 2765 ede
460 2717 635 2778 scripturarum
643 2717 730 2765 coeles-
754 2721 779 2767 et
790 2720 877 2768 timore
887 2719 993 2778 judicii?
1010 2717 1147 2765 Salubriter
1160 2718 1207 2764 ista
1219 2728 1285 2764 com-

200 2785 299 2831 lestium
317 2785 399 2843 cibos,
417 2786 443 2832 et
454 2785 500 2832 ede
518 2785 547 2832 ut
569 2787 730 2844 permaneant
753 2788 865 2846 pungunt
879 2786 1027 2833 :stimulant
1047 2784 1107 2842 ista,
1128 2797 1177 2831 non
1198 2786 1286 2831 vulne·

198 2853 278 2899 tibiin
285 2853 362 2901 vitam
372 2855 503 2911 aeternom,
513 2854 539 2900 et
549 2854 596 2900 ede
605 2853 728 2914 quotidie,
752 2856 822 2900 rant:
834 2855 894 2900 licet
906 2854 931 2899 et
940 2855 1043 2900 vulnera
1053 2853 1125 2899 utilia
1141 2851 1190 2898 sint
1201 2851 1284 2898 amici.

200 2920 229 2967 ut
246 2932 297 2967 non
307 2920 416 2978 esurias,
429 2921 474 2966 ede
490 2921 520 2966 ut
537 2920 670 2978 replearis,
683 2920 728 2964 ede
783 2922 822 2968 al.
833 2923 918 2970 Omoio
924 2953 933 2977 ,
946 2920 1042 2979 inquit,
1053 2923 1168 2967 mandato
1178 2921 1223 2966 Dei
1232 2920 1285 2976 jus-

198 2988 227 3034 ut
247 2987 380 3034 verboram
400 2987 537 3033 coelestium
549 2985 647 3033 eructes
664 2986 730 3044 sagi·
753 2987 999 3048 tittoe313qniasunt
1011 2987 1124 3033 mandata
1133 2985 1248 3043 Justitiae,
1259 2987 1285 3032 et

198 3067 264 3102 uam.
281 3053 409 3111 spiritales
425 3054 506 3111 epulae
526 3065 575 3098 non
589 3054 674 3099 obesse
692 3065 730 3098 so·
752 3055 973 3114 ideosinejmtitia
984 3067 1036 3101 esse
1046 3054 1284 3113 nonpossunt.ltlan·

200 3124 267 3181 lent,
279 3122 322 3168 sed
330 3121 444 3181 prodesse
455 3121 563 3180 satiatis3
576 3120 680 3180 ideoque
691 3133 730 3168 re·
753 3125 837 3172 datum
847 3124 894 3171 Dei
911 3124 961 3182 est,
974 3123 1002 3169 ut
1012 3122 1099 3182 diligas
1112 3122 1192 3168 Deum
1203 3121 1283 3169 tuum.

199 3191 263 3250 pleri
273 3189 372 3236 volebat
391 3188 512 3250 Propheta
531 3189 573 3248 qni
591 3188 652 3235 dicit
665 3201 671 3234 a
684 3192 730 3238 lte·
752 3195 821 3243 Unde
837 3188 872 3242 ait
881 3194 988 3240 Paulus:
1002 3193 1047 3252 Qui
1064 3194 1138 3252 ditiqr't
1148 3194 1285 3252 proximum

198 3259 401 3317 pteoturoameam
411 3257 491 3315 laudm
499 3258 622 3304 utcoatcm
630 3258 736 3316 pieriam·
751 3275 820 3309 auum
827 3295 836 3320 ,
844 3262 914 3320 lepem
923 3261 1038 3320 iraplcoit3
1046 3263 1156 3319 scriptum
1164 3261 1197 3306 eat
1206 3261 1284 3317 enim·

199 3329 274 3372 tuam.
284 3324 331 3383 Qui
340 3324 474 3370 cantatDel
482 3324 728 3384 gloriam,bymnum
752 3327 1274 3386 ltonadulterabis,aaoaoccidcs,atoafurobr
1300 3321 1312 3328 ”
1353 3321 1356 3330 ’

199 3394 303 3440 Domino
314 3406 356 3440 cnr
366 3393 420 3450 olus
431 3392 534 3440 eructat.
571 3418 574 3423 -
751 3399 797 3454 111,
809 3409 856 3444 oon
867 3399 1023 3456 concupisces,
1035 3398 1056 3442 ct
1071 3399 1094 3443 st
1104 3398 1165 3456 pacod
1174 3399 1208 3444 eat
1219 3397 1284 3444 aliud

229 3461 269 3509 20.
281 3461 397 3522 Sequitur
414 3474 500 3508 versus
510 3461 610 3522 quartus
621 3475 628 3509 a
641 3463 728 3522 Loqui·
751 3464 1055 3522 mandatum‚ialrococrbo
1063 3465 1247 3512 instauratum&
1256 3465 1283 3512 iu

198 3534 238 3578 tur
247 3532 328 3590 llapuo
340 3543 394 3576 mco
408 3530 504 3577 oubam
521 3533 604 3589 tuum3
616 3533 728 3590 quoniam
751 3531 804 3592 ipso
812 3532 886 3579 verbo
897 3531 1047 3578 instauratur
1055 3543 1126 3578 omne
1132 3533 1282 3592 mandatum,

199 3599 403 3644 omoiomondoto
410 3598 597 3654 taojacstlta'ocst.
607 3597 728 3656 Qnididi-
751 3598 1283 3662 quodverbumjustitlaesttquidenimtain

199 3667 261 3713 cerit
280 3664 388 3722 justitias
405 3664 468 3722 Dei,
489 3665 599 3722 loquitur
622 3666 728 3711 verbnm
749 3666 857 3725 justum,
868 3679 942 3725 qnam
957 3665 985 3713 nt
1004 3667 1091 3727 diligas
1105 3669 1185 3715 Deum
1196 3667 1284 3723 tuum,

199 3733 246 3780 Dei
257 3746 264 3778 a
276 3732 354 3791 etqui
366 3731 469 3778 verbum
477 3731 521 3778 nei
533 3731 653 3791 loquitur,
665 3733 728 3780 otio·
752 3734 871 3792 etdiligas
889 3733 989 3782 tratrem
999 3735 1185 3798 tuumt);utique
1200 3733 1282 3780 omnia
1294 3792 1296 3797 .

198 3799 543 3859 sumrerbumnonloquitnr.
555 3799 730 3847 Otiosumrec-
752 3802 800 3848 Dei
809 3802 922 3850 mandata
929 3801 1027 3860 justitia
1038 3805 1084 3851 est.
1092 3801 1232 3848 Sicutenim
1239 3802 1282 3861 qul

199 3869 257 3914 bum
275 3867 325 3924 est,
340 3867 408 3926 loqui
426 3877 501 3926 opera
517 3865 653 3912 hominum.
670 3866 728 3913 ldeo
752 3869 864 3917 occidere
874 3871 955 3929 potest
966 3870 1081 3926 tratrem,
1092 3869 1178 3928 utique
1188 3870 1282 3916 nundi·

199 3933 302 3981 Sanotus
316 3935 378 3982 dicit
392 3935 445 3982 dart
461 3934 508 3981 sibi
523 3934 652 3981 aDomino
672 3947 729 3995 gra·
752 3937 806 3997 ligit
826 3950 832 3983 1
849 3938 892 3998 qui
914 3937 1036 3985 adulterat
1057 3935 1140 3983 fratris
1162 3947 1280 3996 uxorem,

199 4002 274 4060 tiam,
291 4003 319 4049 ut
335 4015 385 4050 non
401 4003 515 4064 loquatur
526 4014 635 4051 ossuum
652 4015 727 4063 opera
751 4005 843 4069 uthuej
857 4019 907 4053 non
922 4004 1004 4063 diligit
1023 4003 1124 4050 tratrem
1136 4015 1143 4049 :
1155 4005 1197 4063 qul
1213 4004 1280 4052 tura-

199 4070 341 4130 lrominum3
357 4072 417 4131 qrria
431 4071 536 4120 otiosum
553 4072 726 4122 verbumst:
752 4071 793 4120 tur
804 4087 811 4118 a
823 4074 866 4133 qui
884 4071 1178 4132 concupiscitalienum,
1193 4072 1279 4133 utique
1319 4124 1320 4128 ,
