2760 4794
127 352 175 405 Ἢ
519 350 646 401 SANCTI
666 350 839 400 Δ11110811

130 434 561 500 εσμινηωυβώσίωῦιιᾱ,
576 436 658 485 daed
686 433 783 483 semu
801 446 926 485 morsos
951 435 982 484 ais
998 436 1127 488 monum
1142 436 1223 487 mite.

130 503 658 569 mimmenupumeplsenimista
683 505 743 552 lices
760 503 799 553 tic
814 505 881 552 sciro
897 507 1094 568 mporietess
1111 511 1224 563 mm.

128 573 392 633 todeienditacnipu.
680 572 1224 639 prospicienspsrscncstros,prospicicmper

160 643 200 693 53.
215 645 277 706 Ergo
290 642 409 690 domim
422 640 495 691 iesus
509 640 554 702 qui
573 640 658 702 postes
681 642 751 689 ratis.
768 641 895 702 licspossds'i
915 642 1003 701 frater
1023 658 1111 704 mm,
1133 649 1156 694 ct
1171 646 1225 692 dieii

129 711 370 762 munimem
378 709 483 759 venitin
491 711 582 769 lucem,
590 710 658 757 reie-
681 709 757 757 miti:
765 711 848 770 serpe,
856 712 910 758 reri
918 714 1045 772 prowm
1055 727 1126 772 meo,
1133 715 1224 775 maiam

130 781 242 831 msllllus
251 779 415 827 munitionem
424 778 493 839 sepis
505 779 658 839 murano,
681 777 951 840 suco,ooluostnsseu3
962 783 1225 842 passionesoeiym

129 849 157 897 ln
176 848 296 906 mulorum
313 859 359 896 nos
382 847 465 896 actum
484 847 512 894 et
532 846 658 908 antiquam
683 847 1224 910 tmssisit‚piesiosbtii,discesritsidi,tlsreu

128 915 658 977 simplicitatemlideireiormarit.ilndede
683 916 1222 978 Mantuanosmpumosrsmesa,

129 995 160 1032 co
171 985 197 1033 et
211 984 333 1044 Propheta
351 983 416 1032 dixit
428 998 436 1031 a
449 985 574 1035 Voootcris
589 985 659 1044 oedtfi·
682 996 731 1031 ooo
741 986 839 1032 turturis
849 986 936 1033 ordita
946 989 992 1034 ert·
1003 987 1105 1046 l'lores,
1113 986 1221 1046 apostolia

129 1055 197 1102 sutor
203 1056 271 1115 sepis.
280 1053 349 1101 Tulit
356 1053 423 1101 enim
432 1055 502 1102 iilum
511 1053 606 1101 obicem
615 1053 659 1113 qni
683 1051 780 1111 tempus
789 1052 891 1112 messis,
899 1051 1004 1102 tructus
1014 1055 1169 1104 estChristi:
1180 1066 1223 1102 rox

129 1121 251 1170 unitatem
261 1122 352 1171 mentis
363 1123 390 1171 et
397 1123 513 1183 corporis,
521 1122 658 1182 seriemque
684 1120 801 1182 turturis,
811 1132 861 1169 uox
871 1123 1004 1171 Ecclesiae.
1014 1125 1083 1172 inre
1100 1126 1174 1184 igitur
1182 1122 1222 1171 liei

130 1189 191 1239 rite
216 1190 336 1251 simplicis
355 1189 495 1251 diuidebat3
514 1194 588 1252 atque
605 1192 659 1252 ipse
683 1188 1057 1250 Filiusposteaqnamterrenos
1064 1193 1222 1241 hominesnes

130 1257 211 1308 tactus
221 1260 314 1321 cstpax
323 1261 420 1320 nosue,
430 1260 474 1320 qul
485 1260 545 1309 tecit
556 1260 659 1321 utraque
684 1256 824 1316 gradientes
833 1257 866 1304 ad
882 1270 1012 1320 superna,
1024 1261 1054 1309 et
1066 1261 1222 1321 corporalibus

130 1341 223 1390 unum,
233 1333 260 1378 et
276 1329 385 1378 medinm
395 1330 516 1390 parietem
531 1329 597 1390 sepis
610 1331 659 1377 soi-
684 1326 794 1386 inspexit
804 1328 926 1387 angustiis
943 1329 1078 1380 coartatos
1089 1326 1155 1392 (non
1165 1331 1221 1378 emm

130 1397 177 1446 vit.
185 1397 264 1456 Qem
281 1399 403 1459 parietem
418 1397 521 1459 exponit
531 1398 660 1458 aposolus
684 1397 737 1444 erut
746 1397 790 1457 qni
801 1396 1020 1461 lacerationum,
1030 1402 1221 1460 moderatusque

129 1462 274 1513 inimicitias
284 1465 530 1514 esseincame.l1as
544 1464 659 1525 erpoini-
684 1465 714 1512 ad
733 1463 841 1527 unum),
857 1465 1018 1517 descendere
1035 1471 1067 1518 in
1085 1469 1163 1519 terras
1177 1469 1221 1529 ipss

129 1533 237 1581 micitias
246 1533 304 1581 tulit
314 1533 445 1592 Dominus,
460 1534 487 1581 et
496 1546 584 1594 pacem
594 1532 661 1581 reln-
684 1533 798 1593 umatus
812 1535 863 1593 est3
876 1536 904 1582 nt
913 1537 1052 1596 parietem
1063 1539 1138 1586 ilium
1148 1538 1219 1598 lepis,

129 1599 181 1658 dit,
189 1601 320 1661 legemque
331 1602 500 1650 mandatorum
515 1603 542 1649 in
555 1602 661 1650 decretis
685 1603 731 1650 hoc
741 1603 792 1663 est,
803 1602 896 1650 molem
906 1605 1054 1664 qnamdam
1071 1609 1100 1656 et
1116 1594 1220 1668 suipersti·

116 1669 307 1726 ·eracnasit;nt
316 1669 660 1719 duosconderetinnnonoro
685 1671 778 1719 tionem
788 1671 933 1720 intellectus
951 1675 1100 1734 corporalis
1109 1675 1218 1732 auferret,

116 1733 232 1783 -lnoulne
243 1748 250 1782 r
262 1736 407 1796 inqnonon
417 1739 495 1785 solum
509 1740 660 1787 exteriorem
684 1750 750 1800 qnae*
762 1739 834 1804 quasi
856 1743 989 1800 premeret
1014 1744 1045 1792 et
1072 1744 1219 1793 obumbraret

128 1802 157 1850 et
166 1801 373 1864 interiorem,sed
382 1805 457 1854 etiam
464 1806 576 1855 Judaeum
586 1807 660 1870 signi-
685 1809 756 1857 eorda
770 1808 931 1870 populorum.
944 1811 1041 1860 llelior
1055 1812 1136 1874 igitur
1149 1823 1218 1860 maes

130 1871 188 1920 dest
204 1874 403 1936 etGraecnm3nt
421 1876 487 1924 esset
503 1876 587 1924 omnia
598 1876 661 1925 etin
685 1877 737 1937 ria,
750 1889 823 1939 qnam
833 1875 927 1938 paries.
946 1879 1072 1942 Denique
1089 1895 1140 1929 nen
1152 1881 1218 1928 lenm

129 1942 245 1991 omnibns
255 1943 374 1993 cunum.
385 1944 504 1994 hominus
519 1946 587 1993 enim
604 1947 660 1994 sab-
684 1944 767 2005 paries
777 1946 913 1994 desitiatus.
926 1947 1004 2005 Quod
1016 1962 1073 1997 non
1090 1950 1167 1999 otiose
1175 1949 1218 1997 dis·

129 2009 196 2071 boti,
210 2013 409 2073 superstitionem
426 2013 486 2061 tulit
495 2013 591 2062 sabbati
606 2027 661 2064 cor·
681 2015 738 2063 tum
753 2014 791 2063 est
808 2013 917 2076 principi
930 2017 1117 2078 sacerdotnm,
1127 2015 1219 2079 eoquod

128 2081 237 2140 poralls,
253 2083 279 2130 et
294 2082 365 2143 qumi
379 2081 490 2131 medinm
507 2083 581 2132 solvit
590 2084 660 2144 Legis
684 2082 761 2130 medii
778 2084 881 2144 parietis
895 2083 1089 2143 impedimenta
1102 2084 1218 2142 amabat,

129 2148 253 2208 parietem
268 2164 275 2197 a
288 2151 332 2211 qni
345 2163 390 2204 nos
398 2151 438 2203 ,als
454 2163 484 2199 ea
494 2152 589 2212 pietate
605 2168 660 2215 qna.
684 2152 759 2210 quem
769 2151 889 2198 Dominus
896 2150 973 2199 lesus
985 2153 1100 2202 abstulit
1108 2153 1174 2214 quasi
1182 2152 1219 2199 dn·

129 2217 267 2267 secundnm
278 2220 358 2267 mum
368 2219 420 2280 est,
428 2220 584 2268 decretorum
595 2221 660 2269 diiii-
684 2231 736 2266 ram
746 2219 875 2280 militiam,
885 2232 935 2281 quo
946 2221 1090 2270 clariorem
1101 2223 1218 2271 obaemul-

55 2282 58 2287 '
131 2287 500 2349 snltrteproliibelsst3eoqnod
508 2289 579 2348 iuxta
585 2291 660 2351 lloysi
685 2287 745 2335 tlam
754 2288 882 2348 religionis
896 2289 1066 2352 infunderet3
1077 2294 1108 2340 ut
1116 2292 1166 2351 jam
1177 2301 1218 2337 non

128 2355 212 2418 lesem
228 2368 278 2406 uon
297 2357 351 2406 erat
366 2357 440 2406 facile
457 2359 532 2418 atque
543 2357 660 2418 possibile
685 2368 762 2404 annm
771 2357 911 2405 iudeorum
921 2357 1005 2419 genus
1021 2362 1101 2421 quasi
1111 2358 1219 2421 comanti

130 2428 248 2491 genubus
260 2428 368 2477 militare
382 2429 450 2489 Deo,
461 2429 609 2477 cuminaria
621 2443 661 2477 su·
684 2426 790 2486 quodam
800 2427 1030 2488 praescripsissem
1042 2426 1218 2488 inclusnm‚sed

129 2497 245 2558 perstitio
266 2498 406 2546 iudeorum
430 2511 521 2558 purum
546 2499 660 2547 affectum
685 2507 772 2543 omnes
781 2496 866 2555 sentes
877 2496 965 2544 adlici
977 2498 1086 2546 cultum
1095 2511 1142 2560 per
1151 2500 1219 2547 ism

130 2567 264 2626 gentiuma
275 2567 405 2614 subeunda
412 2567 583 2616 observatione
591 2576 662 2616 reso-
685 2563 940 2622 geliumvocareutur·

130 2634 207 2679 caret.
218 2634 282 2690 Quid
298 2634 372 2692 ergoi
382 2636 435 2680 Lex
446 2636 558 2684 inutilis?
572 2637 660 2685 Absits
715 2632 754 2680 28.
771 2633 825 2681 Duo
840 2634 915 2693 igitur
930 2633 1032 2694 gemini
1050 2637 1110 2684 dnae
1127 2636 1219 2697 gemina

130 2699 248 2748 sedntilis
256 2701 507 2760 incredulis‚intirmis
515 2707 661 2767 necessaria,
685 2703 756 2763 vitm,
768 2703 823 2750 dnae
833 2705 938 2762 geminae
951 2706 1012 2753 sunt
1024 2707 1146 2766 militiae3
1157 2708 1188 2753 ita
1196 2704 1219 2750 nt

130 2781 186 2830 quas
195 2768 303 2816 lubricos
312 2768 337 2816 et
345 2772 455 2818 ementes
465 2774 582 2832 praecepti
595 2776 661 2822 salu-
685 2773 751 2832 prior
763 2772 850 2818 melior
860 2773 893 2818 sit
902 2774 1041 2831 sequente.
1052 2775 1085 2821 Et
1099 2775 1155 2821 ideo
1164 2771 1219 2833 qnod

130 2837 191 2886 iaris
203 2838 347 2886 austeritate
362 2839 500 2901 cohiberet,
511 2842 537 2888 et
547 2843 662 2890 observa·
686 2841 722 2888 est
732 2839 821 2886 melios
829 2839 991 2887 reformatum
1004 2841 1059 2890 est.
1073 2843 1134 2901 Quis
1147 2845 1219 2889 autem

130 2906 227 2955 tionum
245 2907 385 2955 adtentione
409 2910 579 2957 concluderet.
595 2912 661 2958 Bona
685 2912 758 2968 neget
768 2908 927 2968 Evangelinm
941 2911 1070 2967 praestare
1083 2911 1219 2970 Legiissona

130 2976 215 3022 antem
228 2977 281 3024 Lex
292 2978 342 3036 est,
353 2977 411 3036 quia
427 2978 552 3038 spiritalis.
562 2979 589 3025 Ei
605 2992 661 3040 ergo
685 2980 768 3024 tamen
782 2977 847 3034 Lex,
858 2976 879 3024 si
895 2989 973 3035 snpra
989 2977 1111 3026 litteram
1122 2980 1219 3026 mentem

130 3056 181 3093 nou
197 3046 277 3108 bona,
292 3046 334 3106 qni
352 3060 401 3094 non
417 3048 487 3106 putat
501 3047 637 3107 spiritalem
652 3060 659 3095 ε
685 3047 877 3106 erigasalitlero
885 3047 949 3092 euim
960 3048 1059 3094 occidit.
1072 3049 1139 3106 Quid
1147 3048 1219 3095 anun

130 3115 175 3176 qni
190 3118 273 3164 mente
285 3118 389 3176 exiguus
399 3116 549 3177 humilisque
568 3117 660 3177 iactus,
683 3117 787 3164 haberet
795 3116 847 3163 haec
858 3115 962 3162 historia
971 3117 1081 3179 gratiae,
1094 3118 1141 3164 uisi
1149 3119 1219 3164 insen

131 3196 188 3233 eam
198 3199 253 3246 qnae
264 3198 338 3246 snper
348 3187 438 3246 Legem
449 3187 499 3246 est,
507 3187 659 3244 majestatem
684 3187 746 3233 tanti
757 3186 869 3246 mysterii
880 3184 1047 3233 videremus?
1062 3188 1154 3236 Docuit
1163 3186 1219 3234 enim

131 3252 659 3313 scilicetchristluiderenonpoinitham
684 3267 728 3302 nos
748 3256 875 3315 Apostolus
898 3255 998 3301 sanetus
1018 3256 1050 3303 in
1070 3255 1218 3317 simplicitate

131 3322 218 3381 ntique
229 3323 353 3383 tamqnam
369 3334 442 3382 snpra
457 3322 528 3369 illum
539 3323 659 3384 parietem
684 3324 793 3372 historiae
816 3322 939 3370 secretum
959 3336 1082 3382 quaerere
1101 3325 1218 3380 veritatis,

132 3390 267 3449 respiciens
285 3392 327 3438 ille
348 3393 431 3438 mente
450 3392 561 3439 sublimis
580 3393 660 3440 Esaias
684 3393 710 3439 et
720 3391 747 3439 in
757 3389 874 3451 quasdam
884 3403 932 3437 non
943 3390 1129 3453 intelligibiles
1139 3404 1217 3440 secon-
1262 3419 1264 3426 ·

131 3458 235 3518 gloriam
246 3459 378 3518 Deividit,
386 3472 439 3518 quae
447 3460 547 3508 uidetur
558 3461 584 3507 in
592 3473 659 3508 mon·
684 3461 742 3508 dum
753 3460 860 3508 litteram
872 3459 1061 3518 disputationes
1072 3475 1170 3510 sensum
1184 3472 1218 3506 re·

130 3525 209 3584 tibus,
220 3538 268 3572 non
279 3525 305 3572 in
320 3526 431 3574 collibus.
684 3530 762 3589 terre,
781 3529 892 3576 scribens
903 3541 909 3573 τ
920 3530 999 3576 Dicite
1010 3533 1078 3579 milas·
1093 3535 1134 3594 poi
1144 3534 1219 3590 lesem

100 3600 103 3604 '
162 3591 297 3641 innocuit
305 3593 387 3654 itaque
398 3606 442 3641 nos
449 3593 557 3642 Ecclesia
565 3592 591 3642 in
601 3595 660 3641 Gan·
683 3599 781 3659 lesistis,
796 3600 880 3658 nepem
895 3608 944 3643 oon
968 3599 1093 3647 audistis?
1112 3601 1219 3658 Scriptum

131 3665 189 3715 tisis
200 3664 364 3723 cantieorum,
375 3665 440 3726 quod
455 3664 501 3712 iste
519 3666 601 3725 paries
611 3668 659 3713 Do·
683 3670 745 3714 esim
754 3668 851 3728 estquis
859 3664 985 3713 Abrohom
992 3667 1057 3715 dnos
1067 3670 1128 3728 filios
1135 3664 1218 3720 hobed,

132 3735 200 3784 mino
211 3734 293 3782 nostro
311 3734 369 3782 iesu
386 3734 480 3782 Christo
500 3735 595 3782 obstare
611 3746 659 3780 non
682 3748 756 3783 uuum
766 3749 796 3783 ea
807 3735 908 3791 andito,
919 3735 942 3780 et
955 3747 1036 3781 anum
1045 3738 1075 3784 de
1088 3733 1220 3784 uieozsd

131 3803 222 3868 potnit,
233 3814 279 3849 nec
289 3801 363 3863 etqui
372 3802 472 3850 secutus
482 3803 519 3851 est
528 3802 658 3860 Christum,
682 3806 724 3865 qui
733 3818 764 3851 ea
780 3804 867 3851 cucilla
874 3834 883 3860 ,
898 3804 1030 3850 secundam
1042 3819 1144 3853 carnem
1156 3805 1219 3851 nolu

108 3896 112 3903 ·
133 3874 235 3922 dicens:
252 3873 457 3933 Vespasianus·
468 3886 476 3919 a
487 3885 535 3919 esca
546 3871 583 3918 istc
597 3872 660 3918 venit
683 3875 715 3933 est
725 3887 734 3919 .·
746 3873 787 3933 qni
797 3874 876 3920 auem
885 3872 912 3917 de
924 3870 1016 3929 libero,
1025 3876 1159 3922 exundans
1170 3886 1219 3934 pru

133 3943 218 3991 audieus
227 3955 296 4002 super
305 3944 407 3998 montes,
416 3942 440 3987 ct
449 3940 581 3988 transiliens
590 3951 659 3998 saper
683 3941 823 3988 missionem.
835 3940 892 4001 Qeoe
901 3940 974 3996 aaut,
991 3938 1083 4000 inquit
1093 3975 1101 4002 ,
1111 3956 1154 4004 per
1170 3940 1220 3988 olis

134 4011 216 4070 codes,
234 4011 314 4061 sinitis
333 4011 408 4070 {roim
429 4020 494 4058 mssa
516 4019 605 4069 cupisse
624 4008 660 4056 ssi
683 4009 773 4069 pomosa
787 4008 857 4056 dicto.
869 4007 923 4055 lloec
933 4008 998 4057 enirn
1010 4012 1072 4061 massi
1086 4012 1134 4060 duo
1147 4011 1221 4060 resu-
