2760 4794
352 460 385 504 ιιι
400 460 561 506 rsnnnun
577 461 687 507 cnvrrr
703 464 893 509 anrosrrro.
1117 434 1164 511 too

81 547 196 598 arrogans
207 535 296 587 debinc
306 540 428 589 mercedis
438 543 551 601 exactor,
567 542 610 590 sed
634 541 661 591 ιιι
673 543 726 604 ipse
737 546 918 593 commemorat.
932 545 995 592 care
1004 544 1086 605 ligna,
1103 558 1163 593 cave

80 607 234 656 verecundus
242 608 416 659 misericordiae
423 611 515 661 divinae
523 611 560 660 est
568 611 611 659 de·
634 612 767 672 stipulam,
786 625 819 660 ne
838 614 870 659 ad
886 612 1006 670 iudicium
1022 612 1067 660 Dei
1082 615 1164 661 tecum

33 723 38 731 ,
80 676 201 732 precator.
636 679 985 740 deferas,quaaignisexurat.
996 681 1163 730 carenacum

111 743 150 790 56.
167 742 282 811 Sequitur
291 758 377 794 versus
387 747 488 795 octavus
499 759 507 794 ι
518 747 610 794 Princi-
635 748 660 794 in
673 761 721 795 uno
732 750 776 795 aut
787 748 880 796 duobus
898 749 990 796 habeas
1001 750 1065 809 quod
1076 749 1163 808 probe-

80 813 145 870 pr'nrn
156 814 279 862 amtorem
288 818 382 863 tororum
392 818 480 864 veritos
490 831 499 864 .·
508 817 534 863 in
542 818 610 864 oeler-
635 818 688 876 tur,
698 817 724 862 in
741 817 854 876 pluribus
865 817 980 877 oporibus
991 818 1088 864 deletas
1098 817 1163 876 quod

80 893 138 928 nom
157 886 238 941 ornato
252 886 342 944 judicia
357 884 454 943 justitiae
473 889 527 932 tnoe.
550 885 610 931 Cum
635 885 752 935 oiieudat.
772 889 799 934 st
817 889 882 944 caras
901 900 958 946 opas
975 881 1073 944 arsami,
1092 887 1164 940 detri-

79 951 230 1010 prineipium
246 953 377 1000 verborum
393 953 440 1000 Dei
454 954 546 1002 veritas
560 955 608 1013 sit,
634 957 736 1001 mentam
745 957 857 1015 porteion·
866 957 939 1014 potest
951 957 1058 1002 temeret
1067 957 1113 1014 ipse
1123 967 1163 1013 per

79 1020 171 1066 veritas
186 1021 271 1080 utique
289 1020 348 1067 fidei
358 1021 545 1068 fundamentum
562 1023 607 1069 est.
635 1026 708 1082 ignem
716 1027 812 1074 calcari
823 1025 893 1071 Unde
902 1024 1025 1083 colligitur
1031 1025 1088 1084 quia
1097 1025 1164 1071 idern

78 1084 188 1135 Primum
207 1089 300 1135 etenim
319 1090 415 1168 oportet
433 1090 461 1136 ut
481 1090 609 1136 credamus
634 1092 707 1139 borno
718 1094 742 1140 et
758 1095 865 1141 saluatur
876 1106 908 1141 ex
919 1094 1002 1153 parte,
1013 1094 1038 1140 et
1049 1093 1166 1140 condem-

78 1163 138 1200 rera
157 1167 210 1202 esse
225 1157 271 1203 Dei
289 1158 391 1221 summi,
406 1170 461 1216 quae
477 1158 504 1203 iu
519 1157 610 1204 divinis
634 1160 706 1206 natur
727 1174 759 1208 ex
779 1163 858 1220 parte.
878 1160 1056 1220 cognoscentes
1079 1160 1164 1220 itaque

78 1221 206 1281 scripturis
216 1224 334 1284 legimus,
352 1227 458 1273 oracula.
470 1224 609 1272 Secundum
634 1228 711 1275 muita
726 1241 779 1276 essa
792 1229 901 1287 iudicia,
918 1240 991 1307 opera
1006 1227 1089 1275 nostra
1104 1240 1164 1274 exa-

78 1288 129 1347 est,
140 1289 169 1336 ιιι
179 1289 297 1338 virtutem
307 1305 392 1340 corum
402 1292 513 1353 pleniore
527 1292 610 1368 cogni-
634 1296 757 1344 minemus
768 1298 859 1344 omnia.
871 1299 899 1344 ln
909 1297 963 1345 viro
972 1297 1036 1354 iusto
1023 1307 1117 1355 ograve
1126 1287 1165 1343 est

78 1354 289 1407 tiouediscamus.
302 1360 576 1408 sicutenimlrritr'om
569 1376 610 1409 sa·
635 1363 822 1423 detrimentum
851 1377 925 1445 grave
953 1366 1033 1424 operis
1058 1364 1164 1421 alicujus

77 1426 377 1483 pientiaetimorllomtni:
389 1429 609 1489 plenitudoautem
634 1433 794 1480 incendium:
807 1432 1162 1493 inimpiopoenamiserabilis.
1245 1466 1247 1471 -

78 1496 207 1554 sapientiae
219 1498 336 1558 dileetio;
348 1501 390 1547 lex
399 1501 465 1547 enim
473 1499 569 1558 sapient
571 1501 607 1560 ia,
633 1500 688 1548 Sint
698 1503 775 1561 magis
786 1503 867 1549 omnia
875 1502 968 1560 judicia
979 1502 1053 1562 plena
1063 1501 1162 1560 gratias,

77 1563 207 1620 plenitudo
215 1569 297 1616 autem
307 1569 368 1628 legis
376 1569 482 1616 delectio
495 1582 502 1617 ι
513 1569 548 1616 ita
557 1570 609 1628 ple·
633 1568 706 1627 plena
724 1569 864 1615 florentium
877 1580 1033 1626 coronarum3
1053 1580 1085 1613 ne
1100 1567 1162 1614 iorte

76 1631 163 1680 nitudo
174 1637 307 1684 verborum
317 1639 362 1685 Dei
372 1637 507 1698 sapientia,
525 1639 609 1696 cogni-
633 1634 690 1680 durn
698 1635 850 1682 trutinantur
857 1635 1015 1695 iactauostra,
1023 1634 1095 1695 ¹culpa
1103 1645 1165 1692 praa·

77 1699 160 1760 tioque
181 1703 292 1760 iustitiae.
314 1707 374 1752 Nam
395 1706 459 1753 sicut
482 1718 497 1753 a
518 1706 606 1754 timore
631 1703 760 1762 ponderet.

76 1767 606 1838 Dominiprocessusquidamestadgratiam

77 1837 212 1886 caritatis.
231 1841 266 1888 ita
282 1853 297 1888 a
314 1842 422 1889 veritate
439 1834 606 1899 adjudicium
632 1844 769 1901 SERMO
777 1845 1006 1898 11Ιῦ115111υῦ-
1007 1827 1161 1898 PRIMUS

75 1903 178 1963 justitia
197 1909 287 1957 divinae
309 1910 410 1970 quidam
431 1910 530 1959 ridetur
552 1911 607 1958 lieri

77 1985 214 2031 processus.
423 1994 424 1999 ¹
843 1956 947 1997 mm·

108 2041 147 2089 57.
169 2043 264 2091 venisti
283 2044 315 2093 ad
331 2044 466 2093 Ecclesiam
486 2057 494 2093 ι
516 2045 607 2093 audisti
671 2045 694 2090 1.
718 2044 817 2092 lncnur
837 2044 920 2092 littera
942 2041 1162 2104 vigesima-prima

77 2123 154 2158 unrun
163 2115 243 2161 Deum
252 2114 315 2175 dici,
324 2115 389 2162 unde
401 2116 453 2162 Lex
461 2113 563 2174 incipit,
574 2116 608 2161 si·
632 2113 702 2171 Scin,
713 2126 768 2172 quae
779 2112 857 2160 latine
868 2112 973 2174 dicitur,
984 2116 1057 2175 seper
1066 2114 1160 2161 valnas.

78 2182 121 2228 cut
134 2181 211 2230 babes
225 2183 344 2242 scripturn
356 2197 363 2228 ι
375 2184 439 2235 Aodi
453 2185 542 2240 lsrael,
557 2187 608 2231 Do-
632 2180 710 2238 Super
728 2181 818 2242 vulnus
835 2181 896 2240 quid
914 2183 967 2243 est,
984 2180 1032 2227 nisi
1051 2180 1162 2227 medica·

76 2251 156 2297 minus
165 2253 228 2299 Deos
240 2254 306 2308 tuus,
324 2253 388 2299 Deos
398 2264 459 2300 anns
469 2254 521 2298 ert.-
534 2253 607 2300 crede
632 2248 757 2307 mentum,
773 2260 822 2308 quo
836 2249 947 2295 vulneris
958 2248 1078 2296 acerbitas
1093 2248 1163 2296 miti-

77 2328 155 2363 ιιιιιιιιι
163 2318 313 2377 Deumesse,
322 2331 370 2366 oon
378 2319 463 2379 plures
472 2319 539 2366 daos.
547 2320 607 2382 Cum
632 2315 718 2375 gatar?
727 2315 806 2375 Super
816 2318 905 2364 vulnus
916 2316 1161 2379 oleuminiuuditur3

77 2386 160 2432 aulem
172 2387 276 2446 coeperis
288 2389 370 2447 legere
381 2387 513 2434 Dominum
523 2388 607 2435 lesum
632 2385 749 2432 atomus
760 2386 871 2446 uulneris
883 2386 1021 2433 emolliatur
1032 2386 1160 2444 asperitas.

76 2455 123 2502 Dei
144 2457 239 2522 Filium
252 2458 280 2504 in
298 2470 371 2505 carne
390 2458 488 2506 venisse
507 2458 608 2517 propter
632 2455 712 2514 Super
726 2456 817 2503 vulnus
834 2457 968 2516 malagma,
984 2452 1161 2515 supervolans

76 2523 153 2572 totius
166 2526 253 2572 mundi
268 2526 463 2584 redemtionem,
481 2524 606 2586 distingue
632 2525 778 2583 alligatura,
793 2526 883 2585 quibus
901 2539 971 2574 omne
986 2526 1077 2572 vulnus
1091 2524 1162 2573 iove-

77 2594 290 2654 sapienterunum
298 2595 378 2642 Deum
389 2595 486 2640 Patrem
495 2606 562 2653 esse,
575 2607 607 2640 ex
631 2593 680 2640 tur.
693 2593 741 2639 Ubi
752 2605 809 2653 ergo
821 2607 876 2654 spes
892 2593 1051 2653 refundendae
1069 2596 1106 2641 est
1122 2607 1161 2641 sa-

76 2663 230 2722 quaomnia,
248 2665 274 2710 et
288 2675 333 2710 nos
348 2664 374 2710 in
386 2663 457 2708 illum
469 2674 476 2709 a
489 2664 515 2710 et
530 2676 606 2710 unum
631 2661 731 2720 nitatis,
752 2662 787 2709 ibi
808 2662 957 2709 adhibentur
974 2663 1161 2711 >medicamenta

76 2731 208 2779 Dominum
218 2733 317 2791 lesum,
334 2745 379 2791 per
389 2744 462 2792 quem
472 2731 568 2790 omnia,
581 2733 606 2779 et
629 2730 783 2778 vulneribus.
795 2731 843 2777 Ubi
859 2732 944 2778 autem
958 2743 1030 2778 omne
1045 2729 1119 2790 caput
1133 2731 1161 2779 1ιι

76 2811 121 2846 nos
133 2801 279 2860 peripsum.
290 2802 410 2860 Cognosce
424 2800 482 2860 quia
493 2801 549 2848 ideo
561 2814 606 2847 aa·
632 2796 728 2858 dolore,
745 2800 771 2846 ιι
782 2811 853 2846 omne
868 2811 909 2846 cor
923 2799 950 2844 in
965 2799 1095 2859 moestitia,
1110 2811 1160 2847 non

76 2867 130 2927 nit,
141 2870 170 2916 ut
180 2870 280 2918 virtutis
291 2869 386 2916 semitis
397 2870 479 2916 noster
489 2869 607 2915 inionne·
632 2865 669 2911 esa
679 2868 782 2924 vulnus,
798 2879 879 2925 neque
895 2865 1011 2926 cicatrix,
1027 2879 1075 2914 non
1088 2868 1160 2928 plaga

76 2937 117 2984 tur
125 2938 240 2995 aflectus,
252 2937 281 2984 ut
289 2948 384 2984 mamm
392 2936 606 2982 mansuetudinem
632 2946 688 2980 curn
698 2935 794 2982 fervore
805 2948 812 2977 ι
824 2935 871 2981 boc
886 2936 940 2992 est,
956 2935 999 2981 ubi
1015 2934 1070 2982 uon
1079 2936 1160 2995 portio

77 3006 268 3055 conversationis
286 3006 339 3064 ejus
354 3006 505 3052 disceremus
520 3017 607 3050 exem·
632 3001 675 3048 sed
682 3002 830 3050 universitas
838 2996 1004 3063 periclitatur,
1015 3003 1041 3050 et
1049 3004 1160 3062 quaedam

75 3074 131 3134 plo,
147 3076 175 3122 ut
186 3074 327 3121 aboleretur
342 3074 414 3133 culpa
428 3072 584 3133 pergratiam
598 3086 605 3118 ι
632 3071 754 3130 corruptio
765 3071 839 3118 totius
850 3070 956 3130 corporis
966 3071 1024 3118 tabe
1037 3072 1160 3119 consumi·

76 3145 102 3190 et
112 3142 318 3192 tuncaveritatis
326 3140 478 3190 consessione
487 3139 517 3187 ad
525 3141 608 3200 cogui-
633 3140 673 3186 tur
687 3153 694 3184 a
712 3140 746 3186 ibi
763 3153 812 3188 nou
830 3141 868 3188 est
882 3140 1001 3198 malagma
1017 3140 1159 3200 imponere,

74 3214 170 3262 tionem
179 3212 283 3271 justitiae
292 3211 443 3272 processisti
455 3210 527 3258 Fides
536 3209 606 3270 prin·
631 3220 712 3268 noque
719 3210 802 3257 oleum
807 3208 1076 3268 ,nequealligaturam
1085 3208 1160 3256 llulto
1185 3228 1188 3239 ·

75 3294 170 3341 ciprum
180 3279 310 3329 christiani
320 3274 374 3327 est
385 3278 514 3339 plenitudo
523 3278 606 3325 autem
631 3276 707 3336 igitur
723 3277 888 3336 commodius,
905 3277 940 3324 ut
948 3276 982 3324 sit
995 3278 1084 3336 vulnus
1096 3278 1160 3358 quod

74 3349 205 3399 christiani
213 3348 311 3408 iustitia
326 3347 498 3396 est.Fides'1n
513 3347 607 3394 conlas-
632 3347 727 3406 loreas,
741 3349 815 3408 atque
833 3347 1000 3407 constringas,
1015 3359 1089 3416 quam
1105 3346 1160 3396 siue

75 3419 143 3467 sione
157 3412 338 3500 populorum,
348 3416 473 3478 iustitia'
466 3429 494 3465 ιιι
513 3418 606 3479 marty-
630 3417 734 3464 vulnere
746 3429 811 3464 mors
819 3416 900 3475 serpat
910 3415 1022 3462 rutenos

75 3502 130 3537 rum
140 3489 261 3549 passione.
661 3486 685 3532 2
696 3486 744 3533 Sed
752 3487 847 3534 estnon
855 3486 933 3532 solum
942 3484 1158 3544 corporrsrulnus,

21 3606 22 3609 ,
105 3558 144 3607 ts.
157 3559 269 3606 serentes
278 3557 375 3617 igitur
367 3571 394 3605 ιιι
404 3559 523 3606 aeternum
535 3570 605 3606 man-
630 3553 763 3601 sedetiam
778 3553 883 3612 mentis,
901 3553 968 3613 guod
983 3553 1038 3611 oleo
1041 3550 1159 3632 arrodens

75 3627 262 3687 suraiudicia
244 3627 326 3673 omnia
334 3626 437 3688 iustitiae
446 3626 508 3684 Dei,
520 3638 606 3674 cavea·
630 3622 749 3669 mollioris
762 3621 878 3681 alloquii,
895 3607 1025 3681 etpacisrci
1040 3620 1159 3681 sermonis

849 1771 935 1785 -η

75 3709 132 3744 mus
151 3709 183 3744 ne
190 3707 294 3774 opera
295 3695 379 3755 nostra
399 3693 559 3754 displiceant,
580 3694 605 3741 et
631 3692 751 3739 suavitate
767 3691 883 3738 mitescit.
901 3689 963 3748 Sunt
979 3674 1099 3748 tomenta
1104 3697 1160 3736 ver-

75 3763 214 3811 arternum
206 3763 385 3827 incipiamus
365 3760 448 3808 subire
458 3758 604 3839 judiciuin:
631 3761 732 3818 borum,
750 3761 807 3807 suut
823 3759 1006 3817 medicamenta
1021 3756 1160 3815 coelestium

74 3843 122 3878 nec
133 3832 154 3878 si
170 3831 264 3897 aliquid
277 3829 335 3877 boni
351 3818 469 3887 iacimus,
487 3829 605 3892 resupino
630 3830 820 3907 praeceptorum,
841 3828 932 3887 quibus
950 3838 1023 3875 omno
1041 3825 1163 3884 nequitia.

76 3900 200 3965 solvamur
207 3899 303 3947 snecta.
313 3900 398 3948 Omnes
406 3899 605 3961 oporietrrosoate
630 3897 699 3943 virus
709 3897 835 3943 aboletur.
844 3896 906 3943 Sunt
917 3895 978 3953 legis
991 3893 1091 3940 vincula
1102 3897 1157 3950 space

77 3958 182 4015 imbenet
193 3959 289 4029 011ι1ιιι
308 3959 435 4026 adsistam
447 3967 488 4012 ιιι
507 3952 604 4046 recipiat
630 3962 809 4012 nonaduiant
803 3959 1158 4037 ,sfedmatgisliberentalliga-

76 4001 440 4116 nercsqaisgueguodgesrti‚sioe
449 4034 554 4098 bonone,
551 4036 604 4082 siae
630 4028 685 4080 tos:
698 4032 735 4080 est
748 4032 872 4093 malagma
878 4028 1003 4098 spiritale,
1013 4018 1061 4088 qiio
1065 4026 1158 4092 collisa

75 4105 178 4153 arntrrm
192 4102 369 4169 Vidssquinet
383 4103 474 4182 Panlns
487 4092 604 4165 adsistat,
630 4098 839 4161 animaequcodarn
850 4096 1112 4159 ιιιιιιιιιιιιοιιιιιιιιιιι.
