2760 4794
426 358 459 404 m
474 359 634 404 rensuum
648 359 759 404 cxvur
774 329 964 408 nxnos'lmo.
1186 359 1240 410 ael

144 438 254 489 ¹terrena
264 437 326 488 vitia
336 437 463 499 deiectus,
476 439 682 500 praevaricationis
705 443 753 488 snei
761 443 831 502 mutia
840 443 922 490 nocio.
933 440 1062 490 considera
1072 442 1168 504 quando
1181 453 1241 491 ma··

155 521 208 557 snm
218 521 244 556 se
255 509 362 558 uinculis
371 509 458 569 ligauit
469 510 518 556 :ita
532 523 546 556 c
562 509 681 560 conuario
705 509 773 556 xime
789 511 870 568 pulsat
884 509 986 568 januam
1003 511 1071 558 tuam
1092 512 1159 561 Deus
1172 514 1234 560 Ver»

154 577 245 624 amium
263 576 366 637 dicitur,
382 577 518 638 quiritum
535 577 681 637 Angelorum
705 576 763 623 bum
775 590 846 625 :cum
855 579 976 638 repletum
984 578 1022 626 est
1029 579 1104 638 caput
1114 580 1168 639 ejus
1178 593 1233 628 rore

153 643 266 692 metella
277 645 426 705 integritatis
436 646 547 705 exercet,
558 648 584 692 et
594 658 682 706 corpus
705 647 833 692 nocturno.
843 647 870 692 lu
878 646 1036 695 tribulatione
1045 648 1137 695 etenim
1146 650 1172 697 et
1179 650 1234 696 teu·

143 720 226 760 snum
237 713 374 760 continenti
389 711 522 762 sobrietate
532 714 681 772 moderatur,
705 713 839 761 tationibus
848 715 940 775 positos
951 715 1051 764 visitare
1060 717 1189 776 dignatum
1200 729 1233 764 ne

93 814 100 821 .
143 780 437 841 ,nenemqmquesnam
443 782 682 842 mititrauquillitate
705 782 760 841 quis
777 783 840 831 forte
857 783 1000 831 succumbat
1014 785 1096 834 rietus
1107 785 1231 832 aerumnis.

153 849 289 907 componit,
307 851 440 908 pecuniam
450 851 599 910 pauperibus
607 851 683 898 mise-
706 852 1232 913 liepleturergocaputejnsrone,velguttis,

152 916 242 964 rieordi
257 918 406 966 liberalitate
419 919 552 979 dispensat.
569 920 611 966 Est
624 931 681 979 erpo
705 921 803 979 quando
812 934 899 981 cerpus
913 924 967 982 ejus
980 924 1082 971 laborat.
1097 923 1164 969 lunc
1174 933 1233 982 erge

151 983 180 1031 et
188 984 293 1033 interris
310 988 414 1044 eoelum,
425 987 453 1033 iu
462 999 510 1046 qno
520 987 620 1047 possunt
630 988 682 1033 vir·
705 988 872 1049 vigilandum3
888 1004 919 1039 ne
931 1006 987 1040 cum
1000 992 1105 1051 Sponsus
1118 990 1232 1049 venerit,
1272 1046 1276 1053 .

152 1051 216 1101 tutes
225 1054 405 1102 msecoelestes.
414 1056 502 1103 Gelam
510 1056 567 1102 milii
575 1055 681 1112 thrones,
705 1059 804 1106 recedat
814 1061 938 1108 exclusus.
952 1061 977 1108 Si
993 1059 1061 1107 enlm
1074 1059 1194 1118 dormias,
1206 1061 1234 1107 et

151 1130 209 1179 crgo
216 1122 362 1182 magisiusti
370 1122 484 1170 allectum
491 1135 564 1182 quam
574 1123 682 1170 elemeu·
705 1136 746 1171 cor
756 1127 1234 1187 tuumnonvigilet,disceditantequam
1260 1129 1267 1140 '

151 1188 205 1237 tum
222 1191 342 1249 intelligo.
360 1193 433 1237 lllum
451 1191 635 1251 ponentem,
651 1193 681 1238 ad
705 1193 788 1250 pulset
800 1207 806 1241 a
819 1194 840 1241 si
848 1207 890 1242 cor
904 1195 974 1242 tuum
983 1193 1086 1253 vigilet,
1099 1194 1195 1252 pulsat,
1207 1195 1234 1240 et

151 1259 222 1316 cuius
231 1261 338 1307 animam
348 1260 553 1318 uenitcbristus,
564 1261 590 1307 et
600 1261 682 1320 pulsat
705 1261 795 1320 aperiri
818 1263 866 1310 sibi
881 1263 981 1321 januam
1003 1262 1090 1322 poscit.
1109 1261 1233 1307 Habemus

149 1325 260 1387 ianuam,
273 1330 326 1376 etsi
337 1328 472 1389 aperueris,
480 1329 623 1388 ingreditur.
632 1331 681 1378 Nec
705 1341 763 1389 ergo
778 1331 866 1380 animae
881 1332 970 1379 nostrae
988 1331 1102 1388 ianuam,
1113 1329 1233 1377 habemus
1333 1331 1334 1335 ’

150 1395 218 1443 selus
231 1396 382 1464 ingreditur3
394 1397 522 1444 sedetiam
534 1398 680 1459 cumprime,
705 1398 730 1443 et
737 1399 833 1458 portas,
845 1399 876 1447 de
884 1400 974 1460 quibus
982 1399 1075 1446 dietum
1087 1397 1140 1444 est:
1152 1398 1234 1444 Tollite

96 1482 101 1489 ·
151 1466 216 1515 sicut
227 1465 279 1525 ipse
287 1465 337 1512 ait:
348 1467 399 1525 Epo
410 1468 432 1512 et
442 1468 515 1513 Peter
524 1468 650 1524 veniemus,
659 1471 682 1515 et
702 1469 783 1524 porion
790 1499 799 1524 ‚
813 1471 941 1528 menopes,
955 1470 1060 1524 vermen,
1075 1468 1097 1514 et
1111 1466 1235 1513 elevamini

150 1535 569 1594 monmeaemepodeomfoctemac.
702 1537 777 1592 porte
792 1534 1231 1594 ceumalec,ettatroibltltcxplorr'ae.
1263 1549 1265 1554 ¹

183 1603 221 1650 lo.
233 1602 309 1649 Vides
325 1602 400 1660 igitur
409 1601 475 1661 quod
492 1602 600 1649 Verbum
614 1604 680 1651 Deus
704 1603 745 1648 list
759 1616 817 1662 ergo
833 1605 859 1652 et
873 1605 963 1651 coelum
979 1604 1006 1650 iu
1027 1603 1082 1662 bis,
1101 1602 1128 1648 in
1142 1602 1232 1661 quibus
1287 1640 1293 1654 ,
1339 1623 1343 1630 ·

152 1671 178 1719 et
187 1671 291 1719 otiosum
298 1671 422 1729 provocat,
431 1672 456 1717 et
463 1670 626 1718 dormientem
637 1685 681 1718 ex·
703 1670 778 1727 portae
790 1672 848 1718 suut
864 1671 999 1718 aeternalcs.
1011 1670 1036 1717 Si
1054 1671 1098 1717 has
1112 1668 1170 1716 tidei
1181 1669 1232 1717 tuae

151 1739 348 1798 citat.Qnienim
357 1739 435 1798 venit,
446 1738 472 1786 et
479 1737 580 1796 januam
587 1738 678 1799 pulsat,
703 1739 784 1795 portas
791 1740 988 1798 nelisadtellere,
997 1737 1136 1787 intrabitad
1144 1739 1169 1785 te
1177 1738 1232 1785 liex

150 1810 206 1858 vult
219 1819 316 1868 semper
330 1807 432 1855 intrare.
448 1807 496 1854 Sed
511 1807 538 1853 in
556 1807 626 1854 nobis
642 1810 680 1856 est
703 1805 794 1866 mamae,
801 1807 954 1868 triumphum
961 1807 1169 1867 portanspropriae
1177 1819 1232 1866 pas·

113 1872 117 1876 ’
151 1876 217 1937 qued
226 1888 276 1923 non
287 1888 384 1935 semper
398 1875 545 1934 ingreditur,
555 1887 605 1922 nou
614 1889 680 1923 sem·
703 1875 1232 1934 sionisnaoeteuentusuunportesmam

151 1956 197 2004 per
207 1944 297 1990 manet.
306 1943 390 1990 Pateat
397 1941 539 1989 advenienti
545 1941 619 1999 ianua
627 1945 679 2002 tua,
704 1943 779 1989 etiam
786 1943 817 1990 de
828 1944 867 1991 his
877 1945 982 2003 legimus
991 1945 1109 2005 scriptum
1117 1976 1125 2002 ,
1132 1943 1232 1991 dicente

151 2013 221 2073 aperi
229 2012 334 2059 animam
346 2011 548 2070 tuam,expaude
560 2013 680 2070 gremium
703 2011 807 2058 Domino
824 2013 884 2058 lesu
898 2025 943 2072 per
962 2013 1110 2072 Prophetam
1128 2025 1200 2058 suurn
1223 2024 1231 2058 τ

151 2082 243 2130 mentis
252 2083 314 2140 tuae;
329 2081 358 2127 ut
373 2081 458 2128 videat
472 2080 572 2127 divitias
587 2081 681 2140 simpli·
704 2081 796 2140 Aperite
807 2080 1063 2141 mibiportnajestilioe.
1077 2081 1106 2128 lit
1117 2079 1180 2127 inira
1197 2080 1232 2127 ait

152 2152 243 2212 citatis,
252 2152 378 2198 thesauros
387 2150 463 2212 pacis,
471 2150 680 2210 suavitatemgra-
703 2143 1171 2208 propbetaDavidcbnudoilicrucelem
1180 2153 1231 2198 Dn-

151 2223 202 2271 tiae.
214 2222 296 2269 Dilata
307 2233 348 2268 cor
358 2222 440 2277 tuum,
451 2231 551 2266 occurre
562 2219 607 2267 soll
618 2220 680 2267 lueis
703 2220 794 2264 minum
805 2233 813 2264 .·
824 2219 896 2266 tendo
911 2222 988 2266 Deum
998 2221 1076 2276 teum,
1095 2220 1164 2278 δίοψις
1175 2232 1231 2278 quo-

151 2294 265 2350 reternae,
281 2304 335 2351 qua
353 2288 477 2336 illuminat
487 2300 584 2335 omnem
601 2289 680 2335 bomi-
704 2289 769 2334 m'em
779 2289 1231 2347 contorleoilserasportnromtuorem.

152 2373 219 2408 nem.
235 2362 265 2408 Et
285 2359 347 2406 illud
363 2357 464 2418 quidem
486 2369 573 2404 verum
596 2357 680 2404 lumen
734 2356 1231 2417 lestergoanimaquaebabetjanuam,

152 2429 267 2477 omnibus
284 2428 351 2475 lucet
367 2440 374 2473 ι
391 2426 435 2474 sed
454 2425 475 2472 si
491 2426 547 2486 quis
562 2424 681 2474 fenestras
705 2426 742 2472 est
756 2438 811 2486 quae
823 2426 996 2486 babetportas.
1008 2426 1045 2472 lid
1055 2427 1118 2472 banc
1131 2426 1233 2484 januam

152 2510 209 2546 suas
224 2496 353 2555 clauserit,
370 2497 462 2542 aeteruo
474 2494 570 2540 lumine
586 2505 612 2539 se
628 2494 680 2554 ipse
704 2495 774 2542 venit
784 2495 894 2543 Christus
905 2495 930 2542 et
938 2495 1034 2555 pulsat:
1046 2495 1128 2554 pulsat
1139 2495 1164 2541 et
1174 2506 1233 2552 porn

152 2565 284 2614 fraudabit.
296 2563 439 2611 Excluditur
448 2574 505 2621 ergo
524 2564 549 2608 et
559 2562 680 2622 Christus,
704 2564 750 2609 tas.
763 2563 837 2622 Aperi
850 2575 907 2622 ergo
915 2564 952 2610 illi
965 2576 972 2608 a
984 2563 1039 2610 vult
1047 2563 1149 2609 introire
1159 2595 1167 2622 ,
1178 2564 1233 2610 vult:
1276 2578 1279 2582 ’

151 2635 174 2682 si
184 2634 214 2680 tu
223 2633 314 2681 mentis
323 2632 372 2679 tnae
385 2631 483 2690 januam
499 2631 618 2677 claudas:
634 2631 680 2678 etsi
705 2632 821 2692 Sponsam
830 2632 1233 2692 invenirerigilantem.Nolibonc

152 2702 230 2762 possit
241 2702 347 2760 intrare,
363 2711 412 2747 non
423 2699 476 2746 vult
490 2698 572 2745 tamen
589 2698 681 2758 imper·
704 2701 806 2748 amatori
817 2701 898 2749 iacere
913 2704 1004 2760 moras,
1016 2700 1064 2747 cito
1079 2700 1174 2749 recedit
1187 2715 1193 2746 :
1206 2703 1234 2748 ct

152 2772 227 2818 tuuus
237 2769 346 2827 iuuere,
357 2780 405 2814 nou
416 2768 471 2815 vult
484 2765 573 2814 invitos
584 2779 679 2826 eogere.
705 2772 732 2816 tu
741 2783 825 2817 somno
837 2768 1086 2829 corporistuirideris
1098 2770 1232 2816 exclusisse

152 2840 227 2886 (irtus
237 2851 269 2886 ex
277 2837 377 2898 Virgine
384 2836 503 2896 processit
511 2835 614 2894 exalvo,
626 2837 681 2882 uni·
704 2839 851 2897 pulsantem.
868 2838 984 2884 Excludis
1002 2838 1070 2885 euim
1085 2850 1156 2896 eum,
1175 2849 1233 2884 cum

93 2906 96 2911 ’
152 2921 224 2957 versa
233 2906 309 2955 totius
322 2905 388 2953 orbis
399 2904 532 2962 irradiaus;
543 2904 572 2950 ut
586 2905 681 2952 luceret
705 2907 840 2955 desidiosus
850 2919 891 2967 es,
903 2919 960 2954 cum
970 2907 1052 2967 piger,
1063 2919 1120 2953 curn
1135 2918 1233 2952 somno-

152 2978 276 3024 omnibus.
286 2975 398 3034 capiunt,
406 2973 450 3032 qui
460 2971 681 3031 desiderantiulgo-
705 2975 787 3022 lentus
792 2975 831 3021 bis
836 2977 960 3034 repagulis
965 2975 1074 3021 Christus
1082 2975 1232 3031 excluditnr3

152 3045 187 3093 ris
195 3045 309 3106 perpetui
318 3041 464 3098 claritatem,
472 3052 545 3099 quam
553 3053 603 3087 uox
613 3042 681 3088 nulla
705 3043 751 3089 etsi
762 3045 853 3103 castus,
863 3043 910 3089 etsi
922 3042 1016 3090 sobrius
1027 3043 1070 3100 sis,
1077 3054 1136 3087 cave
1145 3053 1177 3088 ue
1187 3053 1234 3086 ne-

152 3114 294 3174 interpolat.
310 3111 360 3159 Soli
370 3109 437 3157 euim
447 3108 505 3154 huic
515 3121 588 3166 quem
600 3110 682 3168 qunti·
705 3110 799 3169 gligens
808 3109 851 3156 sis.
863 3110 978 3167 llajorem
988 3109 1083 3156 Christo
1095 3108 1156 3156 iacit
1167 3108 1234 3166 iniu-

152 3184 195 3232 die
206 3181 344 3241 ceruimus,
352 3190 403 3226 nox
415 3176 544 3225 tenebrosa
553 3178 680 3224 succedit:
705 3177 781 3235 riam,
791 3177 834 3237 qui
848 3176 1021 3225 advenientem
1031 3177 1140 3238 repellit.

151 3252 288 3300 solantem
304 3248 408 3309 institiae
426 3258 562 3305 numquam
577 3246 680 3306 occidit3
736 3247 774 3294 l6.
785 3248 971 3306 Nonnumquam
981 3244 1233 3304 etiam,simoraris,

153 3320 212 3382 quia
223 3318 350 3379 sapientie
363 3328 413 3364 uon
423 3313 533 3363 succedit
546 3314 649 3360 malitia.
704 3307 782 3363 mittit
789 3327 889 3363 manum
897 3327 965 3363 suam
972 3326 1017 3374 per
1022 3314 1163 3374 ienestram,
1169 3315 1234 3362 sieut

185 3388 222 3436 lt.
235 3381 328 3435 Beatus
338 3397 395 3446 ergo
405 3385 462 3443 ille,
473 3382 543 3441 cuius
553 3383 634 3442 pulsat
642 3383 681 3442 ia·
704 3383 740 3441 ait
749 3383 840 3449 Sponsa
856 3396 863 3428 a
878 3385 964 3431 Frater
977 3395 1042 3431 meus
1058 3385 1121 3432 misit
1135 3394 1233 3430 morsum
1271 3420 1275 3426 .

152 3469 227 3506 nnam
238 3448 356 3504 Christus.
371 3455 450 3501 lanua
464 3452 546 3499 nostra
556 3450 616 3499 fides
629 3454 679 3514 est,
703 3465 772 3500 mom
782 3454 945 3512 deprospeelu,
953 3453 1131 3499 etnentermem
1140 3455 1234 3500 contus·-

153 3540 208 3588 quae
222 3527 298 3574 totam
313 3523 428 3581 domum,
444 3521 465 3569 si
476 3520 551 3567 inerit
567 3520 679 3581 robusta,
704 3521 808 3570 botrum
815 3534 884 3581 super
890 3520 1136 3581 emmeramensem
1142 3522 1233 3581 operire

153 3594 294 3642 communit.
308 3594 356 3639 Per
370 3591 441 3639 istam
458 3589 557 3647 ianuam
572 3590 680 3638 Christus
704 3589 1234 3650 frolrimco.llinnmmcoedistillaveruntmyr-

153 3663 299 3723 ingreditur.
316 3660 386 3707 Unde
402 3659 428 3706 et
446 3657 555 3704 Ecclesia
576 3657 636 3705 dicit
655 3659 680 3704 in
703 3659 773 3706 rbem
784 3673 793 3705 .·
803 3652 1028 3718 dicitimeimyrrbn
1040 3658 1111 3718 pleni.
1122 3658 1233 3705 Ptimum

153 3732 276 3780 canticis:
290 3729 438 3788 Vocfrclrr's
454 3727 501 3773 mei
512 3726 590 3785 poisat
605 3727 681 3784 adja-
705 3739 761 3784 ergo
776 3722 928 3785 tamquama
944 3726 1075 3784 prospectu
1091 3726 1169 3774 mittit
1179 3738 1233 3772 ma-

152 3815 236 3849 ncam.
252 3799 316 3847 Audi
330 3797 485 3858 pulsantem,
505 3793 565 3841 audi
579 3793 681 3842 introire
704 3806 764 3841 num
775 3806 854 3851 suam,
864 3793 962 3854 quando
975 3794 1041 3842 Deus
1052 3807 1105 3842 esse
1117 3795 1233 3853 operibus

152 3868 297 3928 cupientem
316 3880 324 3914 a
343 3867 416 3927 Aperi
435 3865 510 3920 milii,
537 3875 604 3910 rerer
629 3877 682 3911 mea
705 3862 846 3910 aestimatur.
855 3861 983 3911 Undeait:
996 3865 1022 3912 si
1031 3863 1144 3910 millium
1158 3863 1233 3908 creol-

151 3940 252 3998 sporssn,
261 3935 367 3984 columbe
373 3948 435 3991 meo,
445 3933 548 3994 perfecto
555 3934 682 3992 moenaio
705 3933 743 3989 tis,
752 3931 788 3979 oet
803 3930 909 3992 operibor
919 3933 1010 3980 credite
1022 3929 1116 3977 Deinde
1129 3929 1233 3990 augetur

151 4007 223 4066 copul
233 4016 310 4115 meqnm
319 4005 430 4064 repletum
444 4004 556 4056 estsere,
570 4002 592 4046 cl
608 4001 683 4048 crines
706 4011 790 4059 amor,
807 3998 833 4048 et
843 3999 936 4086 intimis
948 3998 1084 4050 visceribus
1098 3997 1233 4102 cqcrluceptus
