2760 4794
136 470 186 517 »tte
537 470 658 516 SANC'H
673 469 833 515 Auhnostt

142 550 284 612 tihiequam
292 552 378 600 natura
387 549 469 611 dedit,
479 549 528 598 uisi
537 562 591 598 eam
600 562 670 597 caeno
695 550 720 597 et
731 549 757 596 in
768 546 936 608 eopeuorihus
945 546 994 594 sulr
1004 545 1056 594 hae
1070 545 1159 593 littera
1167 542 1227 592 idua

143 622 186 667 tuo
197 621 290 679 polluas
301 633 309 665 a
321 621 375 679 ipsa
386 619 411 667 te
424 619 512 678 diluit,
523 621 544 666 ei
560 630 637 678 pura,
647 618 667 664 ei
695 618 833 664 llieremias
840 614 960 677 propheta
969 615 1112 663 ostendens
1119 612 1228 674 seruitus,
1251 658 1258 671 ,

142 687 263 748 simplex,
273 688 294 734 ei
305 688 380 736 etlam
388 688 507 735 naturalis
518 686 565 745 sit,
574 686 596 734 si
607 685 670 734 nihil
694 687 720 732 et
729 683 897 732 humilitatem
904 682 1000 743 plebis,
1008 683 1061 730 ait:
1069 683 1155 732 Omne
1164 693 1229 742 popu·

143 756 234 805 habeat
245 756 369 805 sordidum
379 758 454 816 atque
464 757 598 803 terrenum.
607 752 671 812 Quid
694 754 729 801 tus
741 753 791 811 ejus
799 753 968 812 usqemisceuter
975 784 985 810 ‚
995 753 1231 811 quoemterpoaen,

142 823 203 872 mali
217 825 268 882 est,
282 824 304 871 si
315 836 344 871 ea
355 835 417 884 aqua
428 836 483 883 quar
493 822 613 870 mundare
627 822 671 869 de·
694 821 983 869 &maurimontem
998 822 1025 868 in
1037 817 1230 876 creemur&
1258 858 1262 871 ,

143 884 758 957 heat‚pottuattsednoneetaquatuaquae{eiust
778 889 894 936 auianum.
915 888 1135 945 Vidc,1)omine,
1153 888 1176 933 et
1191 885 1231 933 ud·

144 962 170 1011 te
182 963 280 1023 polluit.
291 963 340 1011 leta
355 974 418 1023 aqua
432 961 513 1009 aliena
531 960 577 1008 est.
592 959 760 1017 lieni-rspice,
769 958 826 1017 quio
835 957 899 1016 {mlo
908 955 1116 1004 mtriuchonorc.
1125 951 1230 1014 lirqoqui

144 1044 193 1093 que
213 1031 306 1079 dictum
322 1030 360 1079 est
372 1031 419 1078 tihi
433 1044 441 1078 τ
457 1030 494 1077 ΑΙ)
510 1030 592 1077 aliena
609 1040 671 1088 aqua
694 1027 782 1073 animae
795 1037 845 1072 suae
856 1023 944 1084 querit
953 1022 1146 1082 reiectionem,
1157 1020 1231 1069 hnmi-

143 1100 240 1148 adeline
251 1101 285 1148 te.
296 1100 382 1148 Aliena
392 1111 454 1161 aqua
461 1099 582 1147 mentitur
590 1097 616 1144 et
625 1097 672 1144 lal—
695 1094 763 1141 litate
775 1092 891 1140 curretur
899 1124 908 1152 ,
915 1102 963 1151 qno
975 1090 1057 1151 possit
1066 1089 1236 1163 citiuaadlto'

144 1167 190 1227 lit,
201 1169 227 1217 et
234 1169 383 1217 contrarium
394 1171 487 1216 naturae
496 1167 606 1228 produit.
614 1165 672 1213 ideo
696 1163 754 1209 mini
766 1161 898 1222 pervenire
907 1159 1124 1208 misericordiam.

144 1238 182 1284 alt
195 1249 202 1282 :
213 1238 270 1285 Filii
280 1238 352 1285 auena·
364 1239 453 1285 mentiti
468 1240 523 1285 suut
533 1236 605 1291 mitia
615 1245 672 1280 nam
724 1231 749 1277 3.
761 1231 867 1289 ideoque
883 1229 1009 1288 tamquam
1020 1229 1147 1276 curvatus
1161 1223 1232 1273 multo

144 1304 166 1351 si
177 1304 252 1352 alieni
264 1317 312 1352 non
323 1305 527 1365 tuissentntique
537 1316 585 1351 non
601 1302 674 1350 ielel-
696 1297 802 1357 amplius
811 1297 893 1345 anima
900 1307 928 1343 ac
937 1298 1035 1356 mente,
1046 1309 1130 1356 quam
1138 1304 1231 1354 corpote

144 1371 242 1420 duent.
253 1374 329 1420 Nemo
341 1385 398 1432 ergo
408 1374 526 1433 glorietur
537 1373 631 1420 castum
646 1381 673 1416 se
696 1379 798 1414 exorsus
816 1366 854 1414 cst
866 1364 957 1423 David,
973 1365 1066 1412 dicens
1079 1378 1090 1412 z
1107 1364 1196 1423 Deiecit
1209 1364 1232 1410 io

145 1439 238 1488 hahere
256 1452 311 1499 eor,
332 1441 537 1501 quemadmodum
561 1439 674 1486 Salomon
683 1417 687 1487 t
696 1438 799 1483 salutm
809 1438 877 1483 tuum
887 1435 969 1481 enimc
979 1447 1052 1488 mcc,
1064 1436 1092 1481 et
1100 1437 1131 1482 iar
1144 1433 1232 1481 eeu·

146 1505 277 1556 dixitrscd
285 1510 325 1568 qui
335 1510 451 1568 qtortotur
457 1541 466 1566 ,
477 1511 502 1556 iu
513 1508 675 1566 Dominoqto-
697 1506 762 1550 tuum
779 1504 878 1563 sperari.
892 1502 945 1548 Nou
961 1501 1075 1549 usitatus
1097 1513 1180 1548 sermo
1193 1510 1232 1546 noo
1284 1512 1288 1520 ·

145 1575 232 1631 rerer,
254 1575 297 1633 qui
317 1575 408 1622 sanctis
425 1574 476 1622 suis
493 1585 535 1620 eor
555 1572 674 1620 mundum
697 1569 831 1630 capiat3ut
838 1570 961 1630 tamquam
973 1580 1108 1629 corporeae
1117 1568 1232 1628 inundo·

146 1652 231 1689 creare
250 1642 362 1700 dignatus
378 1641 429 1698 est,
447 1642 473 1689 et
488 1641 673 1689 immaculatum
683 1661 687 1698 q
698 1640 735 1686 nis
746 1638 911 1686 delectionem
921 1637 1070 1695 huiusmodi
1085 1637 1231 1696 indicemus·

138 1709 229 1757 tacere
243 1709 457 1766 iustificationibus
474 1709 534 1755 suis.
550 1710 611 1767 Quae
625 1701 780 1775 einttlteque
796 1707 863 1755 enlm
878 1707 924 1755 hoo
940 1706 1022 1754 solum
1041 1705 1117 1754 dixit
1129 1720 1138 1752 r
1152 1705 1232 1765 vescet

144 1777 345 1837 justificationes,
363 1776 453 1825 audisti
470 1776 614 1824 dicentem:
630 1776 674 1823 Dic
696 1778 777 1824 animo
799 1790 875 1835 πως
892 1775 949 1834 red,
971 1775 1060 1834 defecit
1083 1777 1113 1822 in
1135 1777 1232 1824 ocimum

83 1860 96 1869 ·
144 1848 279 1906 iniquitates
290 1849 355 1903 tues,
365 1849 392 1893 ut
401 1842 545 1903 justificeris.
560 1847 620 1904 Ergo
631 1842 673 1904 qui
698 1847 771 1892 tuum.
783 1845 868 1905 ltaque
879 1845 907 1893 nt
916 1844 947 1892 de
955 1856 1004 1891 neu
1012 1844 1233 1904 capiamueexem·

145 1914 290 1974 iniquitates
300 1926 355 1961 suae
365 1914 440 1973 dicit,
449 1915 597 1973 iustificetur
610 1930 616 1962 :
632 1915 674 1975 qui
684 1920 688 1970 ι
697 1913 896 1974 plum,si‚vert›t
904 1913 992 1975 maiia.
1002 1913 1136 1962 dicamne:
1143 1911 1233 1961 Deiecit

146 1982 231 2029 autem
252 1982 412 2040 justificatur,
429 1995 478 2029 non
497 1982 673 2042 contunditur-3
699 1983 739 2029 ille
762 1982 788 2029 in
809 1983 897 2041 ittam,
918 1982 1021 2030 videtur
1050 1982 1169 2044 exprimi
1191 1982 1231 2029 hoe

145 2052 204 2110 quia
215 2051 333 2110 pudorem
343 2051 498 2109 peccatorum
509 2050 606 2101 matura
617 2062 675 2100 eon·
698 2050 787 2110 verbo,
802 2051 868 2111 quod
880 2051 945 2098 totus
959 2051 986 2098 in
1002 2051 1128 2100 mulieris
1142 2051 1232 2100 deside·

145 2119 253 2170 tersione
266 2119 395 2181 prevenit.
698 2120 761 2167 rium
772 2121 907 2180 cupiditate
921 2120 1059 2169 transierit.
1072 2123 1107 2170 ut
1118 2119 1232 2183 quidquid

372 2221 447 2235 .....
697 2190 815 2250 estquod
832 2190 996 2239 vehementer
1014 2191 1179 2250 expetimus,
1189 2189 1232 2239 nisi

214 2248 349 2334 §mo
368 2279 599 2335 UNDECIMUS.
698 2257 918 2316 ejusmaturiorem
926 2260 1065 2308 habeamus
1073 2257 1232 2318 effectumld

697 2339 741 2374 nos
758 2327 858 2376 videtur
873 2330 945 2388 louqa
963 2329 1072 2388 quadam
1093 2329 1231 2382 intensione

356 2385 379 2423 ³·
393 2383 458 2433 ΟΨ·
613 2427 615 2431 1
697 2395 797 2444 lassare.
814 2398 887 2445 Amor
903 2397 1037 2457 impatiens
1052 2397 1099 2446 die
1113 2399 1232 2457 nomeqm

177 2469 201 2515 l.
220 2469 319 2515 lucium
337 2467 468 2514 undecima
490 2466 574 2515 littera
594 2465 674 2526 Caph,
697 2465 849 2512 meretricias
859 2465 1078 2525 torespulsans,si
1087 2466 1231 2524 dirumpe

146 2548 201 2596 quae
221 2536 298 2582 latina
316 2535 518 2594 interpretatione
542 2535 674 2594 significat,
697 2532 1072 2593 tiendidesideriaditierantur‚
1087 2536 1144 2595 ipsa
1155 2530 1231 2581 delicit

148 2606 243 2651 Cureeti
250 2606 311 2649 suut.
320 2603 397 2648 Sonus
404 2604 612 2660 interpretationis
623 2604 674 2662 ipse
698 2602 895 2661 exspectatione,
906 2603 963 2648 dum
975 2604 1076 2662 sperata
1090 2603 1119 2650 in
1127 2616 1176 2663 quo
1185 2603 1229 2650 uti·

146 2683 191 2718 nos
206 2671 294 2729 docet,
308 2670 368 2729 quid
379 2671 412 2716 sit
426 2671 536 2728 curvari3
552 2671 595 2729 qui
608 2672 674 2716 enim
697 2683 744 2728 que
755 2683 804 2718 uon
815 2671 1038 2731 finisamoris,sed
1049 2673 1229 2721 incrementum

147 2738 280 2786 inclinatur
295 2736 441 2796 interram,
457 2737 553 2784 curvari
566 2737 673 2785 videtur.
697 2739 742 2785 est.
751 2739 907 2799 thuidquid
917 2740 1230 2801 estdesiderahile,sinon

145 2808 215 2856 Unde
225 2806 387 2866 aitPrepheta
395 2807 493 2853 subhac
502 2807 599 2853 littera:
610 2810 674 2855 Peu·
697 2808 821 2868 contingat
836 2807 998 2867 desideranti,
1010 2809 1100 2859 delicit
1112 2812 1143 2858 in
1158 2810 1230 2869 illud,

145 2879 168 2925 to
180 2879 257 2924 miraeo
270 2879 488 2923 consummaverunt
504 2889 541 2922 me
557 2878 582 2922 iu
600 2879 673 2924 terre.
698 2878 722 2922 et
734 2876 891 2936 quasiipsam
903 2877 1005 2936 deponit
1016 2878 1132 2925 animam
1140 2879 1184 2938 qui
1194 2879 1231 2926 de·

145 2944 266 2994 curvatur
276 2945 358 2992 autem
368 2944 411 3003 qui
423 2944 474 3004 agit
484 2944 656 3004 poeniteutiam
667 2959 674 3004 ;
697 2943 798 2991 siderat.
809 2946 835 2992 si
844 2946 926 2992 tamen
934 2958 989 3005 spes
995 2947 1104 3007 propior
1112 2946 1231 3008 adsurgat,

146 3015 255 3075 eoquod
271 3013 395 3062 cervicem
413 3026 481 3061 suam
500 3014 600 3072 curvet,
617 3013 673 3060 dum
698 3013 739 3059 dat
752 3014 816 3061 vires
836 3028 891 3074 spes
906 3017 1019 3075 proxima
1035 3030 1042 3062 ε
1056 3016 1078 3064 si
1091 3018 1181 3066 autem
1194 3017 1231 3064 ah-

145 3082 291 3130 humiliatur
302 3081 332 3128 ad
340 3081 486 3140 Dominum,
496 3081 522 3129 et
532 3081 673 3129 interiorem
697 3082 819 3129 sentia-sit
830 3083 928 3142 dilecti,
944 3096 973 3130 eo
989 3084 1044 3142 ipso
1062 3087 1135 3144 quod
1150 3087 1232 3134 ahsen-

145 3152 223 3211 magis
231 3152 353 3198 cervicem
360 3183 369 3208 ,
378 3150 403 3197 id
412 3152 462 3209 est,
474 3151 596 3197 cervicem
607 3163 675 3197 men·
697 3151 747 3197 tem
764 3150 899 3212 desiderat,
912 3153 955 3212 qui
972 3154 1138 3213 concupivit,
1151 3156 1232 3202 anime

145 3221 211 3266 tiset
219 3218 306 3265 cordis.
315 3219 374 3264 Nam
383 3217 467 3264 dehac
477 3219 573 3265 cervice
582 3218 673 3265 dietum
697 3231 745 3265 suae
758 3220 1030 3278 patiturdeleetiouem.
1043 3223 1137 3281 ltaque
1148 3223 1233 3282 quanto

146 3289 183 3334 est
199 3290 265 3334 :ltee
285 3289 306 3335 ai
321 3288 400 3344 {lectae
413 3289 440 3333 ut
458 3289 572 3333 circutum
592 3288 674 3334 coliem
697 3287 793 3344 longius
817 3287 854 3335 est
876 3287 941 3335 istud
966 3288 1032 3348 quod
1062 3290 1232 3348 desideratur,

145 3355 226 3410 tuum;
242 3351 285 3411 qui
301 3352 367 3397 enim
379 3364 420 3397 cor
435 3365 506 3398 suum
518 3365 566 3398 non
581 3353 673 3412 ilectit,
698 3354 764 3401 tanto
783 3355 859 3416 magis
880 3356 966 3404 delicit
986 3356 1033 3416 qul
1052 3357 1193 3407 desiderat
1209 3357 1234 3404 ld

146 3418 234 3466 trustra
245 3418 367 3466 cervicem
378 3430 447 3464 suam
455 3419 561 3466 flexerit.
699 3423 735 3469 est
746 3435 803 3484 orgo
819 3425 937 3484 deiicere3
949 3437 1159 3486 unumquemque
1174 3426 1232 3474 inid

176 3487 200 3532 2.
216 3486 295 3533 Docet
311 3486 385 3533 etiam
403 3486 540 3532 Hieremias
555 3485 674 3546 propheta
698 3490 755 3538 totis
767 3492 853 3539 studiis
861 3493 965 3552 migrare
977 3493 1043 3551 quod
1058 3493 1161 3554 diligat.
1174 3494 1233 3541 lllud

136 3554 313 3602 'humilitatem
331 3555 377 3602 hae
403 3555 607 3614 interpretatione
626 3556 675 3615 sig·
698 3561 801 3619 cogitat,
823 3561 860 3607 illi
875 3560 997 3619 adheret,
1015 3561 1081 3608 illud
1100 3564 1232 3622 personat,

144 3625 208 3673 nari.
221 3625 334 3672 hiteuim
345 3625 390 3671 suh
407 3624 452 3670 hac
465 3625 547 3673 littera
561 3626 587 3672 in
597 3627 675 3673 'ihre-
698 3628 761 3687 quod
775 3629 897 3689 receperit
907 3628 1074 3689 diligendum,
1088 3629 1118 3677 in
1138 3632 1166 3679 id
1176 3643 1232 3692 qna·

145 3695 202 3742 nis:
217 3696 278 3755 Quia
292 3707 340 3740 eeu
350 3694 441 3753 repellet
456 3695 481 3739 iu
496 3697 608 3742 oeternum
625 3698 675 3742 Do·
699 3697 754 3743 darn
770 3699 858 3744 animae
874 3698 1012 3745 deiectione
1029 3698 1231 3758 transfunditur3

145 3766 238 3824 mium·
249 3765 305 3823 quie
314 3776 368 3809 curu
378 3762 548 3824 humiliaverit,
559 3764 675 3811 mireredr'-
697 3764 725 3812 ut
736 3765 756 3811 si
768 3768 847 3812 mater
857 3765 901 3811 sitii
914 3765 1042 3825 exspectet
1054 3769 1231 3827 praesentiam,

144 3837 185 3881 tur
194 3834 318 3882 secuudum
332 3832 502 3880 multitudinem
513 3833 674 3881 misericordie
698 3833 901 3892 quemadmodum
910 3833 1070 3893 exspectabat
1078 3835 1233 3885 Tohiaeuxor

143 3916 207 3964 suoe3
227 3905 283 3964 quie
306 3914 355 3950 eeu
383 3900 514 3949 humiliavit
535 3905 582 3949 toto
608 3904 674 3950 corde
698 3902 775 3948 tilium
787 3901 1232 3962 peregrinantem,dehciensadesi·

144 3984 202 4028 cuo,
219 3985 291 4031 neque
307 3971 392 4032 repulit
407 3970 467 4028 filios
482 3970 611 4019 hominum.
628 3971 674 4017 Bo·
699 3971 780 4030 derio,
798 3971 824 4018 et
843 3970 870 4016 in
892 3965 1012 4031 angustiis
1032 3974 1187 4036 constituta,
1208 3975 1232 4023 et

144 4049 205 4084 num
217 4050 273 4099 ergo
290 4037 402 4097 curvari,
414 4040 442 4085 ut
453 4037 614 4086 humiliemur
625 4039 674 4084 Do·
697 4040 823 4099 tamquam
839 4039 945 4087 resoluta
962 4038 1068 4088 viribus.
1084 4041 1155 4100 Quid
1167 4043 1231 4090 enim

145 4105 260 4168 mino,et
269 4107 387 4162 Dominus
396 4106 550 4158 misereatur.
560 4107 673 4171 lienique
698 4105 766 4156 aliud
792 4105 840 4156 uisi
866 4106 989 4158 deiectum
1011 4108 1149 4172 quemdam
1180 4110 1234 4173 otas
