2760 4794
429 481 463 524 IN
479 481 640 525 PSALMUM
654 479 760 525 CXVIII
775 483 962 528 EXPOSITIO.
1186 484 1234 531 aad

149 560 248 621 gralla3
274 564 331 608 tnnc
353 560 385 608 ad
409 560 490 608 studia
511 562 677 622 percipiendae
702 564 867 613 desiderasset
874 567 984 626 exigere.
996 567 1033 613 lta
1044 578 1102 625 ergo
1112 566 1138 614 et
1148 567 1231 615 sancta

149 632 293 688 cognitionis
304 631 484 678 veniamussuo
493 632 578 696 ordine
591 632 615 679 at
626 633 676 679 via.
704 635 813 681 Ecclesia
827 648 881 693 quae
895 636 921 682 in
934 635 1075 694 primordiis
1089 634 1175 682 muudi
1189 634 1232 681 de·

147 699 228 744 Prima
249 699 324 760 igitur
347 700 404 746 sunt
426 701 543 759 moralia,
569 701 677 747 secunda
701 705 814 762 sponsata
824 705 851 750 in
862 706 982 763 paradiso,
992 703 1143 762 praefigurata
1155 702 1181 748 in
1194 701 1231 749 di·

146 768 257 845 mystica.
274 770 301 813 ln
319 768 368 815 illis
381 768 445 826 vita,
462 769 488 813 in
499 769 538 814 his
555 768 675 828 cognatim
701 773 1231 833 luvio,anuuutiataperbegem,voeataper

146 836 215 913 ataid
224 837 244 882 si
252 837 432 896 perfectionem
440 838 560 896 requiraS,
571 851 617 884 nec
626 837 676 884 rita
700 843 845 901 propbetas,
854 843 896 889 diu
904 836 1082 890 redemtionem
1091 840 1229 897 bominum,

144 917 198 982 sane
213 908 366 965 cognitione,
383 920 430 953 nec
442 907 549 966 cognitio
560 908 613 954 sine
624 908 675 954 rita
700 912 825 970 Evangelii
835 913 961 970 decorem,
971 911 1055 958 dilecti
1064 908 1230 968 exspectasset

144 974 334 1034 srt:utrumque
343 976 506 1034 adstipuletur
515 977 596 1022 alteri.
609 977 676 1022 ldee·
700 978 847 1038 adventum,
866 980 997 1038 impatiens
1012 990 1085 1024 morae
1103 976 1131 1023 lu
1146 974 1229 1022 oscula

141 1054 192 1098 que
201 1043 235 1090 aii
243 1044 383 1103 Scriptura:
395 1047 511 1092 Semiraote
519 1046 583 1091 uobis
591 1046 677 1102 adjus·
700 1048 750 1094 ruit
762 1048 845 1094 diceus
858 1061 865 1093 a
878 1049 998 1095 Oecutctur
1009 1060 1044 1093 roe
1052 1046 1083 1092 ab
1094 1046 1169 1093 osculo
1180 1045 1229 1092 oras

143 1113 236 1169 tiliam,
247 1113 535 1174 viodmtateadfrocum
543 1116 610 1169 oitoe,
622 1114 676 1159 dtu-
700 1118 744 1164 sua'.
757 1118 787 1163 Et
802 1117 922 1164 delectata
935 1116 1024 1163 osculis
1039 1114 1125 1172 adjicit
1141 1125 1148 1158 a
1165 1115 1229 1173 Quo-

143 1180 386 1228 rua'notevobt'siunacn
394 1183 538 1240 cognitionis.
547 1182 598 1226 Nou
606 1179 676 1237 prius
700 1187 766 1231 niam
777 1189 864 1244 optima
874 1186 947 1232 ubera
959 1188 1000 1231 gua
1015 1197 1083 1242 seper
1091 1183 1181 1229 vinum,

143 1246 300 1307 illuminate,
317 1249 360 1295 sed
375 1250 495 1296 seminate
513 1262 520 1294 a
536 1261 581 1294 nec
597 1249 676 1294 solum
731 1254 754 1299 5,
772 1254 802 1300 Et
812 1254 840 1299 ut
855 1253 971 1298 moralius
981 1251 1103 1306 decamus,
1115 1246 1230 1307 intellige

143 1315 269 1363 seminate
278 1318 346 1376 prius
357 1318 387 1364 ad
401 1317 535 1375 justitiam3
550 1317 675 1365 sedetiam
700 1321 1022 1379 mibicarnemiliam,quae
1030 1315 1230 1365 madefactaiue·

143 1385 313 1443 Vindemialea
325 1386 421 1444 induit,
432 1387 462 1432 ad
474 1386 582 1433 fructum
598 1386 655 1431 ΨΜ
668 1398 674 1428 ²
699 1392 738 1437 rat
748 1391 774 1436 in
782 1391 857 1437 Adam
867 1391 1106 1449 serpentisveueno‚
1117 1398 1170 1445 quaa
1179 1383 1228 1432 cri·

141 1453 171 1497 et
182 1452 217 1498 sic
229 1452 367 1500 illuminate
383 1455 467 1499 lumen
478 1453 636 1511 cognitionis,
648 1452 675 1498 ut
699 1460 792 1505 minum
804 1459 928 1506 marcebat
938 1457 1037 1515 foetom,
1047 1468 1101 1514 quae
1111 1453 1228 1513 procede·

143 1521 673 1580 perfectionorrsolumconsitis,sedetiam
698 1527 740 1573 bat
758 1528 784 1574 in
804 1526 902 1572 filiabus
922 1525 980 1572 Sion
1000 1526 1049 1570 alta
1069 1522 1180 1578 cervice,
1201 1520 1227 1567 et

143 1591 251 1649 receptis
260 1591 381 1637 fructibus
390 1593 547 1650 approbetur.
559 1593 586 1637 ln
594 1594 673 1651 primo
697 1596 797 1642 nutibus
818 1596 958 1654 oculorum,
980 1592 1115 1640 etsitinere
1134 1588 1226 1649 pedum

142 1671 243 1718 quoque
259 1662 353 1717 psalmo
369 1662 435 1706 bunc
450 1662 562 1707 ordinem
578 1662 671 1721 tenuit,
697 1665 802 1712 trahens
819 1665 929 1723 tunicas,
949 1664 974 1710 et
991 1662 1096 1721 pedibus
1114 1659 1164 1707 suis
1186 1659 1226 1704 lu·

142 1728 212 1774 utin
228 1729 269 1774 via
285 1729 460 1774 ambulandum
478 1729 578 1777 docere-t
588 1732 671 1790 prius,
697 1733 769 1792 dens,
785 1735 891 1781 crinium
907 1733 1027 1780 cincinnis
1043 1731 1069 1777 et
1084 1727 1226 1787 compositis

142 1797 169 1842 et
177 1797 234 1843 tunc
246 1798 270 1843 in
278 1799 346 1856 ,Lege
355 1798 533 1844 meditandum.
547 1799 593 1856 Qui
603 1800 670 1846 enim
697 1803 821 1861 vultibus,
832 1805 904 1862 atque
914 1800 1067 1848 redimiculis
1078 1798 1104 1845 et
1114 1796 1180 1843 omrai
1190 1794 1225 1840 ai-

142 1877 192 1911 non
203 1866 265 1911 abiit
276 1867 301 1912 in
314 1867 415 1912 consilio
426 1867 574 1926 impiorum,
585 1868 672 1928 utique
697 1871 786 1918 iactato
798 1871 886 1918 decore
895 1872 950 1930 plus
958 1869 1081 1916 dedecens
1092 1880 1099 1912 a
1112 1865 1225 1913 camdem

142 1935 174 1981 ale
186 1935 284 1993 pietatis
296 1937 351 1994 via,
367 1938 392 1983 et
401 1936 504 1992 justulae
521 1937 608 1982 semita
624 1949 672 1983 non
697 1940 900 1999 tamenplnrimis
911 1940 1022 1987 edoctam
1037 1936 1143 1984 oraculis
1160 1932 1226 1992 quod

125 2024 128 2028 ·
142 2005 246 2050 recessit
265 2017 272 2050 ε
291 2006 427 2064 meritoque
444 2004 471 2049 in
487 2004 528 2051 via
546 2005 673 2052 ambulans
697 2010 816 2057 venturus
827 2010 907 2067 esset,
918 2009 960 2068 qui
970 2006 1090 2066 serpentis
1101 2002 1226 2050 illecebris

141 2074 453 2134 beatuspronuntiatur;et
461 2073 535 2120 dicae
543 2076 614 2121 nocte
623 2089 674 2122 me·
698 2072 1225 2138 exclusis,sanctiSpiritusintunderetgra·

143 2143 288 2190 ditationem
304 2144 377 2202 Legis
395 2155 515 2190 exercens
533 2143 674 2204 babetgra-
698 2147 772 2205 tiam,
788 2149 818 2196 ut
836 2149 915 2195 omnis
935 2158 990 2193 caro
1006 2141 1224 2193 videretsalutare

141 2212 204 2259 tiam
214 2213 384 2260 beatitudinis.
697 2216 757 2273 Dei,
766 2216 845 2262 omnis
853 2229 908 2262 caro
917 2215 948 2261 ad
956 2215 1035 2260 Deum
1043 2211 1151 2267 veniret3
1161 2209 1226 2253 inar-

173 2283 198 2328 5.
215 2282 291 2338 Quam
303 2280 483 2328 institutionem
499 2281 618 2341 sequutus
632 2280 674 2328 Sa·
697 2284 756 2331 sisse
773 2284 895 2331 desiderio
907 2297 913 2330 a
926 2283 969 2329 sed
980 2279 1132 2327 metuentem
1149 2288 1181 2321 ne
1196 2274 1225 2321 ut

143 2349 239 2410 lomon,
256 2349 348 2394 librum
364 2349 395 2396 de
409 2348 548 2395 Proverbiis
563 2348 673 2407 scripsit,
698 2353 842 2412 impatiens,
853 2351 994 2408 dtiasciva,
1006 2348 1035 2395 ut
1044 2346 1184 2402 luxuriosa,
1194 2342 1225 2390 ut

138 2418 169 2489 >in
180 2431 228 2477 quo
238 2419 355 2465 moralem
368 2419 450 2464 locum
461 2418 564 2464 uberius,
572 2430 674 2476 expres-
696 2423 811 2481 querula,
824 2422 951 2468 sicutante
960 2417 1054 2474 fuerat,
1066 2413 1208 2473 displiceret
1219 2425 1227 2469 ς

142 2487 335 2545 sit,naturaiena
344 2488 369 2533 in
378 2487 533 2545 Ecclesiaste,
542 2487 673 2545 mysticum
697 2491 722 2537 et
742 2490 849 2548 longiore
868 2500 941 2548 quarn
960 2486 1026 2532 terre
1042 2484 1094 2541 jam
1113 2482 1223 2540 poterat,

141 2558 170 2603 ln
185 2557 291 2619 Canticis
306 2557 455 2603 canticorum
469 2568 635 2615 :quamquain
651 2556 672 2603 si
696 2558 812 2604 morantis
829 2556 947 2604 adventus
960 2552 1078 2600 dominici
1094 2551 1224 2609 exspecta·

143 2625 274 2684 diligenter
294 2626 426 2684 discutias,
448 2628 474 2672 et
491 2625 517 2670 in
534 2624 672 2671 Proverbiis
695 2627 762 2673 tione
770 2620 986 2684 quateretur:n0n
995 2618 1223 2666 immurmurantem

143 2694 246 2753 mystica
262 2694 379 2753 pleraque
391 2693 514 2752 reperies,
530 2694 556 2740 et
570 2693 596 2738 in
610 2696 672 2739 ilan—
694 2696 790 2753 tamen,
809 2706 856 2740 nec
873 2690 1108 2752 transgredientem,
1127 2687 1172 2734 sed
1186 2688 1224 2733 lo-

142 2762 199 2807 ticis
210 2764 339 2809 moralium
348 2763 503 2809 suavitatem.
515 2764 574 2808 Nam
585 2763 672 2821 ntique
694 2763 793 2810 vantem
803 2762 829 2807 iu
840 2762 907 2807 omni
919 2763 972 2808 loco
982 2771 1056 2818 puras
1071 2767 1159 2803 manus
1169 2756 1223 2802 sine

142 2832 273 2888 mysticum
290 2834 327 2879 est
342 2845 349 2877 a
365 2832 485 2890 Sopicutto
499 2831 673 2888 oedificuoitsibi
694 2832 731 2877 ira
746 2823 772 2877 ct
788 2830 963 2889 disceptatione
978 2830 1005 2875 in
1020 2826 1107 2874 habitu
1124 2825 1222 2882 ornato,

142 2900 251 2958 domum,
263 2904 284 2947 et
292 2901 391 2947 subdidit
399 2901 519 2945 columnus
526 2902 625 2958 septem,
636 2901 672 2944 iu·
695 2912 751 2946 cum
762 2899 909 2946 verecundia
917 2899 943 2944 et
953 2897 1085 2944 sobrietate
1096 2895 1224 2942 ornantem

143 2970 230 3027 tcrfccit
240 2984 296 3016 suos
307 2969 406 3024 boetius,
415 2969 462 3015 etc.
471 2969 570 3026 Hocque
579 2967 605 3012 ln
613 2969 673 3012 Can·
695 2981 735 3027 se,
746 2967 829 3013 nonin
837 2967 908 3014 tortis
915 2966 1038 3022 crinibus,
1048 2966 1092 3010 aut
1099 2975 1172 3018 auro,
1180 2959 1238 3008 aut.

141 3035 199 3083 ticis
210 3038 278 3083 lucet
286 3037 336 3082 tarn
348 3035 478 3094 mysticum
486 3045 559 3093 quam
568 3033 672 3089 morale,
695 3035 849 3093 margaritis,
860 3035 903 3081 aut
917 3035 986 3081 veste
997 3031 1118 3091 pretiosa3
1135 3028 1178 3075 sed
1192 3028 1238 3072 iis¹

144 3105 172 3149 in
180 3117 229 3162 quo
238 3103 412 3150 blanditiarum
423 3101 531 3148 suavitas
541 3100 567 3146 et
574 3101 674 3148 auectus
696 3114 750 3161 quae
769 3101 887 3147 castitatis
905 3101 930 3146 et
948 3101 1018 3145 bouae
1034 3093 1225 3143 conversationis

141 3171 250 3217 amantis
270 3170 426 3229 exprimitur.
448 3170 568 3217 Osualctur
588 3182 625 3215 otc
643 3171 673 3217 ob
696 3169 814 3218 decerent
824 3169 1019 3227 gratiam,orare
1027 3164 1151 3212 dicentem
1162 3175 1169 3208 a
1181 3163 1226 3210 Os-

142 3241 330 3298 accusaretur,-
339 3235 674 3298 quoaiornoptimuubcrotuo
695 3239 785 3286 coletur
798 3251 836 3284 me
851 3237 881 3284 ob
896 3237 973 3283 oscado
989 3236 1036 3282 orb
1046 3235 1097 3291 sui,·
1113 3227 1239 3293 quonium

141 3323 211 3370 super
220 3312 302 3357 vinum
309 3341 317 3366 ,
333 3311 355 3356 et
366 3309 424 3354 odor
435 3308 607 3366 unquentorum
620 3308 674 3354 tuo·
696 3310 783 3368 optimu
793 3306 866 3354 ubero
883 3308 924 3353 tuo
935 3318 1004 3364 super
1012 3305 1101 3351 unum.
1116 3303 1170 3347 lam
1180 3310 1225 3357 ro-

143 3394 198 3427 rum
205 3394 275 3440 super
283 3380 363 3426 omnio
370 3380 489 3424 cremato.
696 3375 762 3422 lebat
772 3374 898 3420 adlaaerere
907 3372 1004 3420 cbristo
1015 3382 1084 3428 caro,
1093 3369 1145 3427 iam
1154 3366 1225 3414 testi-

172 3447 197 3496 !t.
209 3449 333 3496 Constitue
344 3458 401 3504 crgo
409 3445 532 3504 virginem
544 3445 674 3506 desponsa·
694 3444 769 3489 nabat
779 3442 902 3488 innubere
907 3455 916 3500 ,-
927 3441 956 3487 ut
965 3440 1029 3487 esset
1037 3451 1101 3485 unus
1108 3436 1224 3497 spiritus,

142 3515 672 3576 tammuli0tempore,ct1ustoierventem
695 3514 721 3561 et
738 3511 809 3559 fieret
827 3523 883 3558 caro
900 3509 1003 3568 Christi,
1024 3520 1079 3567 quae
1097 3510 1151 3555 crat
1166 3505 1225 3553 anto

141 3600 303 3648 amore,quae
312 3587 388 3632 multa
396 3584 496 3643 probata
506 3596 579 3642 opera
588 3585 674 3632 dilecti
695 3580 840 3628 meretricis.
856 3581 988 3634 occubitu,
1004 3577 1098 3636 inquit,
1116 3589 1153 3623 ruo
1163 3573 1173 3637 i
1184 3586 1225 3621 os-

112 3702 115 3707 ,
143 3657 307 3716 probabilium
319 3654 420 3701 testium
436 3652 573 3698 adsertione
585 3665 674 3712 cogno-
696 3650 794 3696 culatnr
803 3661 847 3696 nos
863 3648 911 3694 Dei
920 3647 1044 3705 Verbum,
1060 3645 1157 3704 quando
1168 3656 1225 3690 sen·

143 3725 222 3784 verit,
238 3723 367 3772 desideriis
378 3721 502 3780 suspensis
512 3720 611 3767 dilatam
624 3720 674 3768 ire-
697 3731 750 3765 sum
765 3720 875 3765 nostrum
886 3716 990 3776 spiritus
1005 3716 1151 3774 cognitionis
1165 3714 1225 3760 illu·

143 3788 510 3852 quanter,jamnoniercntem
518 3799 674 3847 moras3quae
697 3785 789 3846 minat)
801 3786 827 3833 et
846 3785 970 3843 tamquam
985 3783 1123 3844 despiciens
1141 3792 1226 3827 omnes

143 3861 225 3907 omnia
234 3860 341 3918 iecisset,
348 3860 377 3906 ut
385 3855 619 3917 sponsumrideret:
629 3857 675 3902 ali·
696 3854 861 3913 iocunditates
871 3857 898 3903 ct
908 3855 1084 3902 delectationes
1095 3863 1166 3906 suas,
1177 3860 1225 3895 cae-
1289 3876 1292 3881 -

143 3929 243 3989 qnando
254 3931 317 3976 votis
327 3929 430 3989 potitam
440 3925 505 3983 suis,
516 3924 546 3971 ad
556 3924 675 3984 improvi-
697 3922 800 3970 lestibus
809 3921 1039 3981 cupiensdnbaerere
1047 3915 1168 3964 mandatis
1176 3914 1224 3961 ait:

143 4009 199 4046 sum
206 3997 288 4056 sponsi
296 3997 429 4044 adrentum
439 3993 528 4054 gaudio
536 3993 674 4053 turbatam,
697 3991 812 4050 quoniam
827 3990 917 4050 optima
928 3988 1051 4048 precepta
1065 3981 1225 4032 testamento-

145 4077 197 4112 non
217 4076 327 4125 quaerere
347 4062 480 4124 primordia
505 4061 673 4120 salutationis,
698 4073 752 4108 rum
760 4062 861 4107 tuorum
869 4067 1047 4117 superomncm
1057 4050 1226 4112 appetentiam

143 4145 194 4181 uon
210 4133 340 4180 verborum
356 4133 437 4189 vices,
454 4129 497 4178 scd
511 4128 594 4176 statim
609 4128 674 4189 quod
698 4128 791 4188 carnis,
802 4128 827 4175 et
838 4125 921 4174 meoli
933 4122 1092 4183 voluptatem.
1107 4118 1227 4169 demine·
