2752 4784
342 111 376 155 ill
391 111 551 157 PSALMUM
565 112 691 158 xxxvii
705 113 910 161 eusanium.
1120 111 1164 160 toi

77 190 253 240 tenuissetis.
264 187 358 240 'Servus
374 194 417 255 qui
427 194 558 255 venditur,
569 207 611 243 su-
638 195 749 245 nostrnru
764 210 818 247 sese
833 196 970 258 extollens,
983 196 1010 245 ei
1024 195 1106 245 iocum
1122 208 1166 244 oe·

76 255 186 318 periore·
194 259 295 309 servibo
311 262 381 324 exit3
393 263 422 312 ut
437 265 469 312 ad
479 266 610 312 Dominum
636 274 741 324 cupnns3
755 277 788 313 ne
798 278 856 316 euin
870 265 980 314 cuneus
996 264 1112 325 mulotes
1125 267 1164 313 te·

76 326 187 375 alterum
198 328 286 389 migret
302 341 310 376 a
329 342 374 380 noe
394 344 441 380 nec
455 333 610 392 superiorum
635 330 867 391 neatpoenltsntiae.
884 335 936 380 lion
949 333 1098 381 mediocrem
1111 332 1163 383 rim

72 392 164 455 iugum
175 396 334 459 deponimus,
352 400 378 448 et
390 400 422 448 ad
432 412 496 448 nova
509 400 610 461 peccata
636 401 728 450 trabem
747 403 800 453 istas
818 403 974 464 iniquitates,
987 403 1008 452 si
1023 402 1163 450 consideres

76 477 221 514 curramm.
636 470 760 518 hominem
771 472 843 518 iilum
854 472 1006 533 iniquitatis,
1018 471 1062 531 qni
1070 471 1163 518 uentu·

106 530 495 596 29..UudeetingemuitSanctns
504 537 589 585 dicens
600 550 607 582 a
634 549 675 583 rus
683 537 721 586 est
729 541 865 588 secundum
873 552 948 600 opera
957 542 1047 588 eune
1058 536 1161 585 inomni

74 603 195 662 Quoniam
207 606 339 666 iniquitates
347 620 403 654 mccc
413 609 609 668 superposuerunt
633 605 739 666 virtute,
752 608 779 655 et
792 609 881 668 signis,
892 611 919 657 et
929 607 1047 668 prodigiis
1060 605 1163 654 menda·

73 671 254 729 ceput-rucuma
264 675 323 720 u'cut
342 688 401 721 euru
413 688 488 734 prese
506 677 609 734 pavete
634 675 718 735 cibus,
734 678 760 725 et
775 677 841 724 omni
852 677 994 724 seductione
1005 672 1161 734 iniquitatisr

72 740 211 800 auutsuper
219 741 609 803 ur03irouest,iniquitatosmeae
634 756 707 802 quem
727 746 864 793 cavendnm
883 745 956 792 nobis
973 745 1102 803 Apostolus
1117 741 1162 788 dc·

71 807 610 869 supertransieruutcaputmeum,otsnper·
635 813 791 872 monstrarit,
810 815 868 873 quia
886 813 1054 873 operationem
1073 809 1164 857 erroris

73 873 189 923 eminent
207 877 285 934 milri,
300 880 329 924 ut
344 889 431 924 sensus
445 889 513 925 meos
528 877 610 935 depri-
635 879 752 938 accipicl3
761 883 790 928 nt
796 882 931 940 probentur
940 880 1040 939 tideles,
1049 878 1165 938 indicen-

72 942 156 1005 mant3
180 945 248 992 oculi
265 947 334 992 errim
351 945 469 1004 sapientis
483 946 510 992 in
530 946 610 1004 capite
636 948 675 994 tur
685 947 766 996 inlidi.

73 1013 135 1071 cius
142 1014 177 1060 Et
184 1012 241 1072 ideo
251 1013 326 1061 liubai
334 1014 414 1060 malus
422 1013 475 1061 erat
485 1015 510 1061 et
520 1012 609 1073 durus;
663 1017 703 1064 50.
714 1018 802 1066 llerito
813 1031 870 1080 ergo
880 1019 926 1067 snb
936 1015 1107 1077 iniquitatibus
1118 1027 1164 1076 po-

73 1081 133 1141 quia
152 1094 243 1130 sensns
265 1082 320 1140 eius
341 1083 436 1130 malitia
453 1083 479 1130 et
492 1083 608 1143 iniquitas
633 1083 1162 1149 situs,et(quodpe1'usestisuiucorruptus

72 1151 247 1200 obstruebant.
262 1151 332 1198 Unde
346 1152 372 1200 et
387 1151 490 1210 ribissaeae
504 1153 606 1199 verbum
633 1165 685 1200 esse
706 1155 733 1202 et
752 1157 929 1216 computruisse
948 1155 1011 1202 dicit
1030 1154 1160 1202 cicatrices

72 1218 140 1266 terre
149 1231 201 1267 non
209 1219 303 1280 potnit3
313 1219 357 1268 sed
368 1220 483 1267 obduruit
492 1232 533 1267 cor
544 1220 605 1279 ejus,
631 1234 686 1270 suas
704 1235 719 1270 a
736 1224 798 1272 tacie
816 1224 966 1284 insipientiae
982 1237 1045 1282 suae,
1056 1223 1113 1283 quia
1124 1223 1162 1270 le·

72 1287 99 1335 et
109 1289 182 1348 quasi
192 1288 303 1337 infirmus
315 1289 439 1336 occubuit.
449 1288 496 1336 Aut
505 1289 562 1337 ride
573 1301 605 1337 ne
630 1292 729 1338 vantem
742 1305 816 1339 onera
834 1292 991 1353 iniquitatum
1011 1290 1105 1338 tardius
1120 1302 1160 1337 re·
1181 1282 1195 1307 ⁸

72 1355 122 1404 boc
141 1357 177 1407 sit
196 1357 283 1419 caput,
305 1359 337 1405 de
349 1370 398 1419 quo
413 1357 449 1405 ait
463 1357 604 1418 Apostolus,
630 1358 739 1407 medium
764 1361 922 1421 sequebatur.
949 1361 1040 1406 'lamen
1063 1358 1089 1406 et
1113 1358 1159 1405 tob

72 1425 135 1486 quia
148 1438 200 1474 non
209 1429 279 1475 tenet
293 1426 369 1486 iilud,
380 1427 462 1475 mente
473 1427 552 1475 carnis
567 1428 605 1474 in·
630 1430 712 1476 sancto
728 1430 770 1489 qui
788 1430 882 1477 saniem
894 1429 995 1476 rudebat
1007 1439 1107 1475 suorum
1118 1428 1159 1474 nl-

72 1494 156 1542 flatus.
172 1496 224 1543 lloc
238 1496 322 1543 autem
338 1496 411 1555 eaput
429 1496 538 1544 cbristus
552 1497 603 1554 est3
630 1509 715 1544 cerum
737 1500 851 1558 pertusus
872 1499 999 1546 ulceribus
1018 1510 1033 1544 a
1054 1496 1158 1556 pedibus

72 1563 134 1623 quia
144 1564 225 1612 omnis
235 1564 282 1613 uiri
293 1566 369 1624 capnt
377 1565 494 1613 Christus.
506 1566 557 1612 lloc
568 1567 604 1613 est
629 1578 707 1625 usque
719 1567 750 1614 ad
762 1569 854 1629 caput,
867 1567 957 1614 sanitas
968 1567 1004 1612 est
1020 1565 1117 1623 retusa3
1133 1565 1162 1612 et

72 1632 150 1691 capnt
159 1631 224 1692 quod
233 1644 278 1692 per
289 1632 513 1693 compaginationes
520 1634 546 1679 et
556 1632 604 1680 coi·
629 1637 732 1684 Lazarus
747 1649 841 1696 pauper
851 1636 894 1697 qni
906 1635 1004 1695 jacebat
1015 1634 1045 1680 ad
1055 1634 1159 1692 ianuam

72 1697 205 1760 ligationes
214 1700 290 1747 totins
298 1694 378 1760 piebis
388 1701 476 1749 crescit
486 1701 513 1747 in
522 1701 604 1748 incre-
629 1703 729 1764 divitis,
748 1706 914 1752 lambentibus
931 1705 1014 1752 ulcera
1026 1702 1079 1761 ejus
1089 1701 1159 1750 cani-

71 1768 188 1816 mentum
205 1769 266 1828 Dei,
285 1769 343 1828 quia
364 1769 391 1816 in
412 1770 525 1816 omnibus
535 1769 605 1817 nobis
629 1771 689 1830 bus,
706 1773 736 1819 de
748 1773 892 1819 cicatricum
908 1784 1008 1819 suarum
1018 1771 1106 1817 foetore
1117 1784 1159 1817 su-

72 1850 118 1899 per
127 1838 226 1896 singula
233 1838 343 1886 membra
354 1852 397 1887 sua
405 1839 514 1886 Christus
521 1839 605 1885 adsur-
630 1839 725 1899 bintus,
743 1841 774 1887 ab
792 1841 890 1900 Angelis
900 1841 927 1886 in
938 1840 1041 1886 Abrahae
1055 1839 1109 1884 sinu
1121 1838 1159 1885 est

70 1906 117 1965 git.
133 1908 196 1966 Ergo
211 1906 309 1968 quando
324 1919 369 1954 nos
384 1907 514 1966 ingravant
524 1906 605 1952 nostra
631 1907 771 1954 collocatus.
791 1908 834 1954 Est
854 1919 912 1966 erpo
930 1907 957 1952 in
976 1905 1059 1952 sancto
1081 1904 1160 1951 Dauid

71 1975 189 2036 peccata,
205 1983 231 2023 et
241 1976 333 2022 talento
344 1974 450 2035 quodam
467 1972 605 2034 iniquitatis
630 1987 686 2034 spes
700 1976 725 2022 et
740 1975 879 2022 remedium
894 1974 1020 2032 sanitatis3
1037 1973 1094 2034 quia
1110 1984 1159 2020 non

69 2042 225 2105 plumbeoad
233 2045 330 2092 terrena
335 2042 507 2103 deprimimur,
512 2043 605 2089 dirum·
630 2045 781 2103 unguentum
791 2044 918 2103 redolent,
929 2043 972 2091 sed
982 2043 1093 2090 toetorem
1104 2053 1160 2088 suo·

69 2124 159 2172 pannus
171 2113 377 2171 vmcniaeoruur,
389 2111 414 2158 et
424 2110 604 2171 projiciamusa
629 2127 684 2160 rum
692 2115 794 2162 vulnera
805 2114 973 2174 peccatornm3
989 2114 1014 2160 et
1025 2113 1083 2173 quis
1093 2111 1159 2160 ailli-

45 2224 48 2228 ,
69 2180 142 2228 nobis
149 2181 239 2240 ingiam
247 2181 356 2240 ipsorum
363 2193 372 2239 3
382 2181 411 2227 ut
418 2180 604 2240 possimusocu-
628 2184 693 2242 gitur
703 2185 742 2231 liis
750 2184 824 2245 atque
835 2185 965 2242 curvetur,
977 2184 1003 2231 et
1013 2194 1061 2230 non
1074 2183 1156 2230 deiec-

70 2248 106 2297 los
118 2253 210 2298 nostras
224 2250 315 2297 mesatis
327 2248 459 2306 adtollere,
475 2249 500 2296 et
516 2249 602 2297 andire
628 2255 702 2300 tatur.
712 2255 799 2314 Specta
810 2266 875 2301 nunc
884 2253 1035 2313 epheborum
1048 2252 1155 2311 aliquem

69 2320 213 2368 dicentem:
226 2322 308 2370 Venite
317 2321 349 2367 ud
358 2333 395 2366 ure
403 2332 482 2367 omues
491 2321 533 2380 put
539 2320 603 2367 lubo-
627 2323 746 2371 lascivum
757 2357 764 2384 ,
776 2326 802 2371 et
815 2323 911 2383 egregie
927 2322 1101 2380 libidinosum,
1113 2322 1156 2381 qui

70 2392 129 2437 retis
139 2393 163 2437 ct
173 2390 342 2446 mrereticstis,
353 2391 375 2435 et
385 2401 426 2448 cpe
436 2401 477 2436 uos
490 2388 601 2446 reficiam.
627 2392 654 2438 in
674 2393 765 2453 stupris
784 2394 860 2442 uitam
882 2405 950 2439 susm
971 2392 1068 2450 exigat,
1088 2404 1156 2439 mere

69 2459 184 2519 Denique
202 2459 331 2518 AEgyptum
348 2457 452 2504 avaritia
472 2457 601 2516 onerabat,
628 2460 694 2508 illius
705 2462 788 2509 diuitis
796 2462 822 2508 in
831 2461 903 2522 bysso
914 2462 940 2507 et
949 2461 1014 2507 ostro
1022 2460 1157 2517 jacentem,

69 2527 176 2587 pecunia
197 2527 304 2575 vexabat
326 2527 449 2574 mercatus
466 2527 602 2586 AEtbiopes,
627 2532 700 2589 atque
718 2531 860 2590 epulantem
877 2528 988 2590 qnotidie
1009 2528 1155 2586 splendide,
1178 2559 1181 2565 -

69 2597 601 2658 sicntscriptumesttbeboreottAEpyptus,
628 2601 667 2646 cni
693 2601 778 2646 natent
799 2599 942 2659 pavimenta
968 2597 1042 2655 vino,
1059 2596 1157 2654 tegatur

69 2669 190 2714 stercutus
205 2666 355 2726 AEtiuiopum,
364 2669 385 2713 ct
396 2664 492 2713 Sabetm
502 2667 549 2711 utri
560 2679 603 2711 ex·
628 2669 716 2715 humus
731 2667 831 2714 floribus
848 2668 873 2714 et
888 2666 965 2725 spinis
976 2665 1091 2723 cooperta
1105 2665 1158 2721 pis·

70 2734 602 2792 elusereuenuouut.laboravitngyptus,
629 2737 709 2793 cium,
728 2735 834 2781 incensis
844 2734 997 2779 diversorum
1008 2729 1157 2789 tbymiama-

70 2810 206 2868 antequam
224 2807 383 2867 cognosceret
397 2805 529 2853 veritatem
540 2816 547 2848 a
560 2803 603 2850 sed
628 2805 681 2850 tum
703 2802 818 2850 odoribus
836 2799 946 2849 triclinia
970 2799 1156 2858 compleantur,

68 2875 117 2934 jam
128 2888 181 2924 non
192 2874 288 2924 laborat
301 2875 430 2937 postquam
439 2871 555 2921 transivit
572 2872 602 2920 ad
627 2871 832 2933 quomadmodum
857 2881 883 2916 se
908 2867 1005 2915 beatum
1024 2868 1112 2927 putet,
1131 2866 1157 2917 et

70 2946 204 2994 Christum.
232 2945 373 3006 §eununtur
390 2944 502 2991 volentes
522 2942 601 2990 Sabaei
627 2943 690 2990 bene
706 2954 733 2989 se
748 2941 815 2989 olere
831 2936 941 2998 judicet3
953 2948 1059 2998 cumque
1073 2937 1157 2997 pavia

70 3014 132 3075 viri,
154 3014 200 3074 qui
221 3014 278 3062 ente
290 3013 431 3072 inplebant3
445 3011 504 3071 quia
515 3010 601 3059 tenent
626 3014 699 3073 atque
712 3011 826 3059 diuturna
840 3007 928 3056 annuae
938 3020 988 3055 suae
998 3009 1100 3055 vulnera
1112 3021 1157 3069 ge·

71 3095 112 3131 eos
132 3082 236 3131 uincula
261 3081 383 3141 caritatis,
400 3094 454 3139 quae
472 3079 600 3128 adamante
626 3084 678 3140 rat,
697 3082 724 3128 cl
751 3080 892 3140 corruptum
911 3079 1055 3138 sanguinem
1080 3077 1155 3139 tiuat,

69 3152 171 3202 tortiora
178 3153 246 3200 sunt.
256 3152 344 3198 Pulcre
352 3150 379 3198 et
387 3150 450 3197 iilud
456 3151 531 3197 Esaiae
541 3150 600 3197 huic
625 3153 721 3199 nulium
736 3152 818 3197 mosen
836 3149 950 3195 tortorem
964 3161 1013 3196 suae
1032 3148 1155 3197 cicatricis

69 3222 121 3271 ioco
136 3221 255 3284 aptatur:
268 3222 341 3270 Omue
357 3224 425 3281 eaput
435 3221 461 3267 iu
470 3221 566 3277 dolore,
579 3224 601 3268 ct
626 3219 740 3279 accipiat.
760 3217 900 3266 obstructas
918 3216 984 3262 enim
1002 3228 1072 3263 coerro
1083 3228 1156 3265 nares

69 3305 136 3340 emus
147 3305 190 3340 cor
200 3293 225 3338 iu
234 3291 379 3340 muslitteau
390 3290 562 3350 petiturusque
571 3293 601 3336 ud
626 3288 716 3346 habet,
725 3298 771 3334 nec
779 3285 860 3345 potest
874 3284 957 3331 dicere
968 3299 974 3329 ι
987 3286 1085 3345 spiritus
1097 3285 1168 3331 diei.

67 3365 138 3423 ceput
155 3374 206 3409 uou
226 3363 260 3409 est
277 3361 376 3416 mnus,
398 3372 471 3418 usque
486 3360 600 3416 cicatrix,
626 3359 733 3416 uus,qui
742 3359 775 3404 ctt
788 3357 812 3402 iu
828 3353 1000 3402 auribustuis.
1013 3354 1069 3401 ideo
1085 3354 1155 3402 dives

66 3445 142 3494 usquc
155 3432 228 3492 ptepu
239 3442 292 3477 cum
302 3428 390 3488 seruus
400 3425 419 3473 ⁸.
430 3429 519 3474 Ferret
534 3429 601 3474 onim
626 3427 669 3473 ille
684 3423 822 3472 remedium
835 3422 919 3469 salutis
927 3422 1039 3470 inuenire
1053 3435 1101 3469 non
1110 3434 1156 3481 po-

66 3499 206 3562 iniqultas,
217 3509 275 3545 cum
287 3496 438 3554 dominatur,
446 3506 520 3555 super
528 3496 602 3556 caput
626 3495 684 3553 tuit,
689 3506 784 3554 pauper
791 3492 895 3539 invenit.
901 3492 1013 3552 Denique
1020 3492 1083 3538 alter
1089 3489 1155 3549 apud

65 3570 604 3590 ·······-··“··“·“““““““·-“
626 3564 718 3613 inferos
730 3565 756 3610 in
767 3561 902 3622 supplicio,
913 3562 977 3608 aiter
987 3561 1013 3607 in
1023 3559 1118 3617 requie.

88 3609 147 3650 ἐκ
159 3617 249 3657 quoque
258 3605 341 3654 ¹⁰⁸⁸h³⁸
354 3604 415 3643 hunc
427 3604 500 3641 locum
516 3603 602 3642 nutrius
656 3635 695 3682 sl.
707 3635 804 3680 invonit
815 3644 872 3691 ergo
883 3632 1008 3691 perpetuae
1019 3625 1105 3674 salutis
1115 3636 1155 3671 re·

61 3667 128 3717 Juxta
135 3662 257 3700 versionem
265 3651 375 3698 mellus
382 3649 455 3697 sedes
464 3646 501 3702 ise
511 3648 601 3710 κεφαλης
776 3700 781 3712 .
1115 3691 1120 3701 ¹

63 3736 105 3765 sou
114 3733 171 3765 εστιν
178 3735 199 3763 εν
205 3718 266 3761 cmii
274 3710 383 3774 timu,
392 3726 440 3757 socc
447 3710 544 3775 τραῦμα,
553 3727 601 3759 ωτι
627 3702 738 3750 medium
749 3703 823 3748 otram
829 3700 926 3746 sancius
935 3695 1054 3755 propheta
1060 3691 1155 3750 David,

63 3773 162 3842 peiuri,
173 3794 223 3825 ουτε
232 3765 307 3834 uim
317 3772 479 3837 plemma.
626 3771 669 3835 qni
681 3771 766 3819 foetere
778 3768 825 3817 sibi
844 3767 932 3815 anirum
943 3776 991 3812 suae
1002 3763 1104 3808 uulnera
1118 3757 1155 3808 ie
