2760 4794
245 334 292 389 iti
421 302 428 319 ⁸
551 348 554 353 ’
640 340 762 388 SANC'H
774 341 937 390 'AMBROSH

245 424 377 474 adversum
385 420 773 486 enqulncmtunalicujuspro
800 424 924 474 referebat
934 423 1050 486 magistro
1059 438 1067 486 3
1077 424 1153 487 quod
1163 425 1247 475 aba
1261 426 1331 477 null

245 492 318 542 dunt.
337 494 425 541 Pulcre
440 494 476 541 ait
487 507 494 540 ε
506 492 675 554 Epredieboiur
693 494 772 554 {orem
797 493 910 542 homines
920 495 1035 543 damnare
1052 497 1255 545 oonsuererunt
1267 507 1332 545 aaa·
1368 513 1370 529 ¹

245 560 305 609 ioris
316 562 386 609 enim
402 560 469 621 lupi,
479 561 538 610 ioris
551 557 676 622 praedones
687 573 695 608 ε
706 561 774 608 intus
797 562 913 612 beseebat
928 563 1038 624 ingratus
1046 563 1231 626 deprehendi,
1242 565 1333 614 erebo·

245 630 341 690 tioyses
351 630 378 677 in
389 630 456 680 nube
463 641 520 678 curn
527 630 595 690 lesu,
606 629 665 678 toris
674 630 772 678 iudei:
798 628 870 676 eebat
887 641 975 678 avarus
984 628 1079 689 riderl3
1094 642 1161 678 curn
1172 642 1224 692 pro
1235 631 1332 693 pecun‘n

244 696 314 745 intus
321 699 449 747 Zacharias
455 697 566 747 sacerdos
571 697 598 745 lu
605 698 706 758 templo,
714 697 774 746 ioris
798 698 906 746 auctoris
915 698 953 747 sul
962 699 1067 747 sulutem
1078 699 1210 760 proderet
1220 712 1229 749 a
1240 700 1334 749 erabes-

245 765 380 815 iuultltudo
398 778 407 814 s
425 767 492 815 intus
508 766 614 828 Spiritus
633 766 731 814 sanctam
747 767 773 815 in
798 766 869 814 cebet
883 767 965 816 videri
978 767 1096 829 pertidus.
1111 768 1251 818 Similiter
1264 770 1290 818 et
1299 769 1334 817 is·

245 835 360 884 cordibus
382 836 472 884 nostris
492 836 582 885 elamat
607 835 639 883 ad
659 835 772 894 Patrem,
798 834 1334 898 dasiquiadversusfldeimazistrumirlsas

245 900 305 951 ioris
316 903 470 953 adversarius
479 905 562 952 noster
572 903 637 951 sieut
644 904 773 964 leopervl·
797 904 873 952 testes
883 905 970 964 perfidi
987 905 1177 968 subornabant,
1188 907 1220 956 ut
1229 906 1334 956 dionant

244 971 305 1032 pilai
316 971 348 1019 ad
356 973 468 1032 rapinam
479 985 486 1019 a
497 972 557 1020 loris
567 972 695 1033 infideles,
706 972 773 1020 intus
798 983 827 1019 eo
837 974 903 1032 qnod
913 973 1269 1036 praedicassettemplnrnliei
1276 974 1333 1037 quoi

243 1035 338 1087 fideles.
347 1041 442 1089 ntideo
451 1053 492 1088 eos
501 1041 543 1100 qui
554 1040 613 1088 loris
622 1041 694 1100 sunt,
705 1040 773 1098 iudi·
797 1041 910 1089 Salomon
928 1043 1049 1103 condidit,
1061 1042 1269 1104 destruendum
1283 1055 1333 1093 aa!

245 1108 311 1156 tabit
319 1110 387 1158 Deus
398 1123 405 1158 ι
423 1120 464 1158 eos
474 1109 557 1158 autem
568 1108 611 1169 qul
623 1109 689 1157 intus
699 1108 771 1168 sunt,
797 1109 840 1157 ille
849 1111 879 1158 de
889 1112 982 1172 templo
989 1113 1028 1160 sui
1038 1113 1332 1175 corporinissnliicassatr

243 1175 354 1227 Christus
373 1177 484 1227 absolvit.
502 1178 679 1239 Egrediebatur
697 1179 773 1239 igitur
797 1180 880 1227 Solvite
887 1181 929 1229 laec
937 1183 1117 1242 temnendus
1128 1181 1333 1232 mandris

243 1244 331 1309 iudas,
350 1248 376 1297 et
390 1249 544 1308 loquebatur.
556 1247 731 1308 Egrediebatur
741 1247 772 1294 de
797 1248 867 1308 illud3
876 1261 934 1297 vere
946 1250 1005 1297 ioris
1016 1250 1098 1309 erant,
1109 1251 1159 1310 qui
1171 1262 1189 1297 a
1197 1251 1332 1313 counitione

243 1313 518 1377 tidemgrediebaturde
527 1316 631 1364 concilio
638 1316 663 1364 et
669 1327 772 1364 numero
796 1317 872 1364 Verbi
883 1319 991 1367 coelestis
1001 1322 1072 1367 erant
1082 1318 1198 1368 exclusi.
1227 1356 1229 1361 .

243 1385 407 1444 apostolurum
418 1397 425 1432 t
435 1386 607 1446 egrediebatur
616 1385 647 1433 de
658 1384 772 1433 convivio
827 1387 865 1434 lii.
878 1388 996 1446 Verbum,
1011 1387 1108 1448 inquit,
1119 1390 1239 1450 mianum
1252 1401 1332 1451 prope·

155 1454 158 1462 '
243 1452 771 1515 cbristladlatrocininmdiabolisegredie-
795 1458 1022 1506 nuruntuduereum
1031 1456 1330 1518 m03idest,illicitu¹,

242 1520 317 1569 batur
327 1523 359 1570 de
374 1522 452 1582 gratia
473 1522 674 1570 sanctificationis
690 1522 720 1569 ad
735 1523 771 1570 la·
797 1524 822 1570 et
836 1523 920 1571 cenna
929 1525 969 1583 jus
986 1526 1013 1573 et
1029 1524 1066 1572 ias
1080 1536 1234 1574 sennonem
1247 1538 1331 1586 propa-

243 1598 336 1648 queum
354 1589 457 1650 mortis,
477 1590 521 1650 qui
541 1602 604 1637 vana
621 1591 652 1638 ad
666 1590 771 1651 pertidus
796 1595 912 1653 suerunt,
938 1595 1002 1641 mihi
1022 1593 1143 1642 iacientes
1172 1594 1209 1644 de
1229 1595 1331 1644 bunum

139 1682 145 1698 ·
243 1656 771 1719 loquebatur:egrediebaturiorauquivitae
796 1663 915 1720 sangnine
934 1663 1076 1724 pactiones,
1095 1675 1178 1724 quem
1194 1664 1330 1713 scekrai'n·

243 1723 348 1774 interno
356 1727 473 1786 mysteria
480 1728 635 1787 relinquebat
645 1741 651 1774 ε
661 1728 772 1789 egredie·
795 1729 857 1778 sime
880 1733 994 1780 uendidit
1013 1732 1088 1779 ludas
1103 1744 1111 1778 τ
1127 1733 1217 1782 Judaei
1238 1744 1329 1794 quoque

243 1794 331 1856 betur,
341 1796 385 1856 qni
395 1795 527 1856 Scripturas
541 1796 657 1844 interiora
667 1810 716 1846 nou
726 1810 771 1846 no-
795 1800 927 1848 emendnm
941 1812 990 1849 non
1005 1801 1214 1850 miserescelere
1225 1802 1329 1852 eredide-

243 1867 322 1914 serat.
342 1865 369 1913 Si
390 1865 457 1912 enim
483 1866 586 1923 scisset,
606 1865 771 1914 intellexisset
794 1868 865 1925 runt,
883 1869 1013 1917 vanissimi
1038 1869 1173 1928 homines3
1199 1872 1272 1931 qsnsi
1292 1870 1328 1931 pai

243 1934 369 1984 dicentem
388 1949 396 1983 r
412 1937 530 1996 Numquid
548 1938 590 1996 qui
606 1938 706 1994 dormit,
721 1951 770 1984 nou
794 1936 893 1994 dormit,
906 1938 1000 1998 iuquit,
1011 1951 1059 1986 non
1069 1939 1170 1998 adjiciat
1180 1941 1326 2002 osmod·

242 2007 334 2066 sdjidel
348 2010 375 2055 ut
385 2005 509 2066 resosonat
519 2004 685 2054 intellexisset
695 2007 770 2053 etlam
794 2006 858 2062 Quid
868 2007 902 2054 sit
912 2007 1030 2068 adiectio,
1040 2007 1243 2058 consideremus.

243 2072 699 2131 illudeiuuerobumounonimic,duu
706 2088 770 2122 meus
825 2075 863 2123 iu.
884 2076 1000 2124 Naturale
1019 2078 1056 2124 est
1081 2076 1205 2126 omnibus
1224 2076 1326 2126 terrenis

242 2147 430 2204 etuniususeus,
444 2147 485 2206 qui
494 2158 582 2206 semper
593 2159 683 2192 meeum
696 2146 771 2192 dulces
795 2145 977 2204 animantibus,
996 2145 1022 2192 et
1041 2144 1192 2194 volutilibus
1213 2146 1285 2206 eoeli,
1302 2146 1326 2192 et

242 2214 350 2275 cupiebas
360 2216 430 2272 cibos,
440 2216 465 2262 in
475 2215 649 2262 domoliomini
662 2213 770 2262 ambula·
794 2212 902 2271 piscibus
917 2213 993 2261 maris
1007 2213 1073 2260 nasci
1089 2213 1115 2260 et
1133 2213 1223 2262 moriz
1238 2212 1325 2262 ueniri

242 2285 317 2333 rimus
324 2297 504 2333 eusncousensu.
515 2284 568 2330 Non
578 2283 703 2331 intellexit
713 2293 770 2342 ergo
795 2293 854 2329 rere
869 2295 944 2342 quem
959 2281 1131 2342 pretiosiorem
1141 2282 1246 2331 soteris
1260 2283 1324 2330 terra

242 2351 309 2401 hune
317 2355 452 2414 psalmum,
463 2364 512 2399 non
523 2352 684 2399 centesimum
696 2352 769 2410 atque
795 2351 961 2398 animantibus
968 2351 1035 2397 Deus
1045 2348 1156 2410 iecerat,
1164 2350 1236 2399 bane
1246 2349 1328 2413 proci·

242 2424 425 2481 botarum,non
434 2422 506 2481 alios,
515 2433 564 2469 non
573 2420 621 2467 alia
628 2420 770 2467 testimonia
794 2430 843 2477 pue
854 2419 959 2465 contulit
969 2418 1085 2479 gratiam,
1097 2420 1126 2465 ut
1136 2421 1257 2468 mortuus
1267 2418 1323 2467 resi·

242 2489 532 2551 Scripturammbequo
543 2490 607 2536 bene
618 2490 770 2550 Evangelista
794 2487 881 2535 visset.
897 2489 956 2535 Hac
975 2499 1032 2546 ergo
1054 2486 1165 2544 adiectio
1186 2488 1282 2536 dieitur
1297 2486 1323 2534 ad

243 2557 305 2606 dicit
315 2560 452 2618 iohannes,
462 2560 488 2606 et
498 2558 594 2606 caeteris
611 2558 752 2605 infidelibus
762 2570 768 2603 ε
794 2557 978 2604 renovationem
989 2557 1046 2603 vitae
1056 2557 1203 2615 superioris.
1216 2557 1323 2617 Deniqm

242 2627 770 2684 iiuuobisexiemui,scdnonnontesuo-
795 2626 820 2672 et
842 2625 952 2673 Ezeobiae
975 2625 1028 2685 regi
1055 2636 1111 2672 cum
1136 2625 1324 2687 praescripsisset

244 2693 286 2743 iis.
300 2698 327 2743 Si
335 2698 397 2743 enim
408 2709 439 2743 en
448 2696 514 2744 nobis
524 2696 636 2756 sument,
651 2696 769 2744 nobiseum
794 2695 926 2754 Dominus,
945 2695 1010 2755 quod
1027 2693 1085 2742 vitae
1100 2706 1152 2742 suae
1163 2694 1267 2755 tempus
1282 2695 1322 2741 im·

224 2804 225 2808 ,
241 2768 388 2814 mansissent.
793 2766 884 2825 plessei
901 2764 946 2810 :ei
963 2775 1008 2823 per
1018 2763 1113 2810 Esaiam
1128 2765 1288 2823 mandasset,
1299 2764 1323 2810 ut

273 2835 311 2883 l8.
322 2837 374 2884 Non
389 2834 504 2884 manebat
520 2847 643 2896 argorum
656 2836 770 2897 apostolis
794 2832 918 2881 ordinaret
928 2833 1026 2879 domum
1035 2833 1184 2892 suam3quia
1192 2835 1323 2882 morsurus

242 2903 364 2964 proditor,
372 2907 414 2966 qui
426 2904 489 2953 iuras
500 2904 625 2964 exibat‚et
634 2918 689 2952 cnm
697 2905 769 2964 perii-
794 2905 858 2950 esset
871 2916 877 2948 ε
889 2903 963 2962 atque
977 2901 1020 2948 ille
1033 2902 1124 2949 orasset
1133 2901 1166 2948 ad
1177 2903 1322 2962 Dominum,

242 2974 280 3023 dis
291 2974 438 3024 susurrabat.
447 2976 500 3033 Quo
510 2975 586 3022 verbo
596 2986 641 3022 usa
649 2974 687 3021 est
694 2975 769 3034 scrip-
794 2972 935 3021 etilevisset
942 2971 1003 3018 iletn
1010 2971 1236 3031 magn03misertus
1244 2972 1324 3021 Domi·

241 3043 296 3107 tura
307 3045 406 3106 diviua,
417 3043 585 3093 demonstrans
595 3044 648 3092 sine
664 3044 770 3091 auctori-
793 3055 839 3089 nus
849 3041 975 3089 mandavit
983 3041 1007 3088 ei
1016 3043 1088 3087 :Ecce
1099 3041 1184 3099 adjicio
1196 3044 1231 3089 ad
1239 3045 1324 3103 tempu

241 3110 292 3160 iaie
314 3127 367 3163 esse
388 3114 529 3175 perfidiam,
544 3125 598 3173 quas
616 3113 688 3161 timet
705 3113 769 3174 quod
794 3114 860 3158 tuum
871 3123 946 3158 anuos
957 3111 1096 3169 quindecim.
1113 3109 1324 3159 statuissemus

241 3181 365 3244 loquitur,
376 3180 537 3243 deprehendi.
549 3181 628 3229 Fidsli
637 3181 720 3228 autern
732 3180 770 3227 di·
794 3178 873 3226 David
884 3179 919 3226 ait
931 3190 938 3224 s
954 3179 1009 3226 Dies
1020 3192 1088 3238 super
1098 3179 1145 3226 dies
1157 3181 1222 3239 repis
1233 3181 1324 3240 adicus

241 3251 324 3300 eiiur:
341 3255 432 3302 Exulis
445 3252 533 3301 uiribus
548 3263 626 3298 vocem
644 3252 718 3297 tuom.
734 3251 768 3296 Eu
794 3261 869 3295 anuos
880 3248 938 3306 ejus.
950 3247 1080 3294 inuentum
1088 3257 1145 3305 ergo
1155 3246 1255 3295 bomini
1263 3246 1325 3309 quod

241 3332 290 3380 quo
316 3319 443 3368 deciderat
469 3318 592 3380 apostulus
615 3316 704 3376 indas,
726 3317 769 3376 uui
794 3315 977 3362 addaturzlieo
987 3316 1070 3362 autern
1084 3314 1141 3361 addi
1153 3315 1219 3363 isibil
1227 3318 1323 3377 potest;

240 3387 329 3434 missus
338 3387 470 3435 crotildem
479 3385 594 3445 gentibus
602 3386 675 3444 pleno
686 3387 769 3431 anoto-
794 3383 851 3442 quia
870 3384 988 3444 seriptum
1006 3387 1063 3432 est:
1079 3385 1134 3431 ileu
1154 3387 1189 3432 est
1209 3386 1324 3445 udinese,

241 3455 321 3504 sitatis
328 3453 450 3514 praecouio
457 3451 639 3512 praedicara3ui
650 3451 676 3497 iu
685 3463 768 3498 aurem
793 3464 866 3512 aeque
877 3455 980 3500 minuere
986 3485 994 3510 ,
1006 3455 1031 3499 iu
1049 3466 1094 3512 quo
1102 3452 1208 3512 perfode
1224 3456 1248 3502 et
1257 3456 1325 3515 plenu

241 3523 406 3573 insusurraret
416 3520 598 3569 insidiatoribus
606 3521 768 3582 magistrisui,
793 3524 847 3568 suut
865 3524 954 3570 omnia.
972 3521 1024 3568 Etsi
1043 3520 1154 3568 cbristus
1171 3523 1325 3582 resurrexit,

240 3591 306 3652 quod
317 3591 417 3639 timeret
427 3589 517 3638 audiri.
528 3590 612 3637 Nonne
620 3590 714 3650 jndicio
725 3602 767 3639 suo
793 3590 879 3650 utique
889 3589 916 3637 in
928 3602 957 3637 eo
975 3589 1040 3649 quod
1058 3589 1226 3649 adsumserit,
1243 3603 1325 3645 resur·

240 3671 268 3708 se
282 3662 334 3719 ipse
346 3657 541 3706 damnavittsed
552 3658 714 3707 erubescebat
724 3671 767 3720 au·
793 3660 871 3718 rexit,
892 3660 919 3707 iu
943 3670 991 3719 quo
1013 3658 1163 3718 plenitudini
1184 3659 1326 3708 divinitatis

241 3727 307 3788 diri,
324 3727 390 3789 quod
400 3726 481 3775 iacere
499 3739 549 3774 non
566 3727 670 3776 timebat
686 3741 693 3774 ε
710 3742 768 3776 eru·
793 3728 847 3788 ejus
856 3728 922 3776 nibil
932 3730 974 3776 uel
982 3728 1103 3776 decedere
1115 3727 1212 3787 potuit,
1225 3730 1269 3777 vel
1284 3741 1326 3777 ac·

240 3796 375 3857 bescebai3
398 3797 456 3856 quia
478 3796 595 3845 adversus
618 3797 678 3845 uitas
702 3810 766 3857 suae,
792 3798 889 3846 cedere.
901 3796 1215 3856 Deusenimincorporeus
1235 3798 1263 3845 et
1279 3797 1325 3844 im-

240 3865 453 3931 sanciideationis‚
476 3865 502 3914 et
522 3865 622 3913 honoris
640 3867 765 3914 auctorem
791 3866 903 3914 mortalis
919 3864 970 3925 est,
986 3864 1161 3922 entussumma
1177 3866 1283 3926 natura,
1301 3865 1326 3914 et

240 3935 362 3996 cogitabat
375 3934 439 3983 mala
449 3947 457 3982 t
467 3946 514 3982 uec
526 3935 628 3995 gratiam
640 3934 766 3982 beneficiis
792 3934 920 3993 plenitudo
931 3934 1052 3981 virtutum
1063 3933 1116 3981 sine
1129 3933 1180 3979 ulla
1191 3935 1276 3999 earnis
1285 3946 1325 3981 ae·

240 4003 404 4066 rependebat,
419 4003 463 4054 sed
473 4003 536 4053 mula
554 4014 604 4066 pro
614 4002 684 4052 bonis
702 4002 766 4054 bonu
793 4002 904 4053 cessione
921 4002 1038 4066 signatur.
1049 4003 1109 4051 coro
1120 4003 1205 4053 auum
1223 4003 1326 4066 dispen-
