2760 4794
276 496 457 542 nxnosrrlo
471 499 505 542 ili
520 499 648 554 LUCAM,
663 501 764 546 hinnu
778 504 947 559 QUARTUS.
1104 457 1166 554 tlt!

64 572 134 621 nobis
143 574 285 636 priusquam
293 578 369 627 sciret
376 580 478 639 malum,
489 581 592 642 eligeret
617 582 687 641 quasi
700 583 770 631 notae
779 585 899 644 quasdam
906 585 1003 637 itineris
1013 587 1039 636 et
1049 584 1151 636 semita⁸

63 638 170 704 bonum,
182 644 278 704 dirique
294 647 416 706 serpentis
430 648 533 696 insidias
547 650 593 696 lic·
618 650 797 711 demonstrare,
807 653 980 714 spiritaliaviae
989 657 1090 705 semitas
1100 659 1152 706 col·

62 708 138 757 clesia
148 712 281 773 suadente,
292 715 513 783 evacuaret,juxta
528 715 593 776 quod
617 719 1148 779 liqeutes,viderautrnmsecnndoveritatis

61 778 246 839 scriptumest:
259 785 377 846 Quoniam
387 787 593 847 priusqaomsciot
618 789 723 848 eventu,
737 790 806 838 certe
820 790 937 851 religioso
954 792 1012 840 fidei
1025 793 1102 841 ducto
1120 792 1148 840 in

60 861 118 906 puer
129 849 213 898 bocum
229 854 274 899 aot
282 854 387 909 molam,
395 865 443 900 aon
456 855 531 901 credet
540 867 592 902 mo-
617 857 790 916 mysteriorum
797 862 892 909 secreta
903 862 1074 910 contendimus
1085 875 1092 910 s
1103 875 1149 911 ve-

61 917 164 978 litim3ot
170 921 240 980 clipei
250 922 311 981 qood
320 920 405 968 baham
416 923 458 969 eet.
465 922 503 979 nt,
511 924 593 970 Prius-
617 927 699 975 rentes
714 939 746 975 ne
761 928 818 988 quis
834 929 949 978 isiacum
964 931 1071 991 legerit,
1081 930 1151 991 quod

61 999 132 1046 quom
142 991 201 1037 sciat
211 1003 296 1037 vocare
311 993 402 1050 patrem
420 994 462 1039 oct
477 995 593 1050 matrem,
617 996 807 1052 proverbialiter
820 997 925 1056 dicitnr,
936 999 1007 1057 qnasi
1023 991 1086 1058 puer
1097 1010 1150 1046 ma·

60 1057 156 1116 accipiet
165 1060 407 1117 virtatcocliomasei,
420 1062 443 1108 et
457 1063 532 1121 spolia
546 1065 593 1111 So·
617 1064 722 1110 chmram
731 1096 740 1122 ,
749 1065 854 1113 tractare
869 1078 915 1125 per
929 1065 1060 1116 infantiam
1075 1065 1149 1114 fortia

58 1125 151 1172 morioe.
163 1125 209 1173 liic
220 1125 286 1188 enim
295 1130 332 1175 eet
340 1140 402 1186 puer
412 1129 484 1187 cnjus
491 1130 592 1178 incuna-
616 1132 683 1181 arma
693 1135 813 1195 nesciret,
823 1136 948 1196 magisque
960 1136 1050 1185 vannus
1060 1136 1149 1183 eusim-

59 1192 118 1239 bula
128 1195 190 1254 lifagi
208 1196 293 1254 spoliis
308 1197 472 1249 orientalibus
485 1200 592 1248 referse-
616 1203 760 1262 prudentia,
778 1217 852 1264 quam
870 1206 977 1252 salutem
988 1217 1021 1252 ex
1039 1205 1148 1253 lectione

58 1262 133 1321 runt3
148 1264 207 1322 quia
224 1278 284 1325 qens
299 1267 356 1314 ante
371 1267 494 1316 Christum
510 1269 591 1318 incre-
615 1270 861 1322 sentiretlrirmmee
870 1275 938 1323 enini
948 1275 1050 1322 telasua
1060 1274 1152 1322 vulne*

59 1329 127 1390 dula,
137 1331 169 1379 de
181 1333 410 1382 exuviisldolorum
418 1368 427 1395 ,
436 1339 531 1385 mutata
539 1339 590 1397 jani
615 1342 684 1398 rant,
695 1353 743 1389 nec
756 1341 839 1402 potest
848 1343 913 1390 bene
923 1342 962 1390 uti
971 1343 1055 1400 armis,
1063 1342 1106 1402 qui
1118 1354 1151 1390 ea

59 1397 124 1459 fiio,
136 1402 265 1452 manubias
282 1405 373 1454 obtulit
382 1406 488 1455 Domino
502 1408 590 1456 trium-
616 1406 680 1455 ferre
691 1421 740 1455 non
752 1410 858 1458 noverit.
875 1413 905 1457 at
923 1410 979 1459 ideo
990 1410 1057 1458 circa
1073 1411 1149 1459 fidem

58 1467 154 1525 phales.
616 1475 654 1523 vir
663 1477 789 1536 perfectus
807 1479 925 1538 exigitur,
938 1480 1083 1539 inquonon
1101 1490 1148 1538 per

89 1535 128 1583 uo.
140 1538 198 1585 llaee
208 1537 272 1598 tihi,
284 1539 376 1602 frater,
386 1541 418 1589 de
432 1543 590 1600 ueneratione
615 1543 718 1592 humum
733 1546 846 1594 scientiae
865 1548 947 1606 reptet
958 1548 1077 1606 infantia,
1095 1559 1147 1595 non

57 1603 147 1651 Christi
158 1618 208 1653 non
222 1606 349 1668 incognita
366 1610 452 1670 putavi
468 1611 591 1670 prolixius
614 1613 704 1662 debilis
721 1615 846 1674 quaedam,
865 1628 912 1662 nec
930 1623 1015 1663 carens
1035 1617 1149 1663 sensibus

56 1676 281 1735 prosequenda3ne
291 1679 348 1738 quis
357 1692 414 1726 cum
422 1679 469 1727 ista
477 1681 504 1727 in
512 1683 590 1729 livan-
615 1681 722 1739 mysticae
734 1683 881 1740 cognitionis
897 1683 987 1730 titubet
1005 1683 1079 1741 aetas,
1091 1695 1151 1742 quae-

57 1739 121 1797 gelio
132 1742 213 1789 minus
225 1742 325 1791 adtenta
336 1745 418 1794 animo
432 1749 573 1795 recenseret
579 1779 587 1805 ,
613 1749 705 1796 virtuto
714 1750 852 1807 iuventutis
863 1752 962 1810 amissa,
971 1763 1084 1801 coronam
1095 1752 1148 1810 qlo-

57 1808 213 1868 aliquatenus
240 1811 372 1861 fluctuaret
397 1826 405 1860 a
432 1823 486 1873 quae
510 1817 588 1863 sancti
613 1817 672 1864 riost
689 1817 835 1864 certaminis
853 1829 902 1865 non
919 1818 1043 1877 requirat,
1064 1819 1090 1865 et
1106 1829 1147 1865 se·

57 1878 218 1940 Evangelistae
242 1882 273 1927 ad
294 1881 387 1939 maiora
409 1884 543 1944 miracula,
563 1887 589 1933 et
614 1884 738 1930 noscentis
754 1884 842 1942 aquilas
859 1884 1147 1944 modo,qnaeprinsaut

57 1945 181 1995 diviniora
196 1949 295 1996 Domini
322 1951 390 2008 qesta
414 1955 587 2012 properantes,
614 1949 723 2010 leporem
733 1963 821 2010 rapere
833 1952 938 2010 pedibus
950 1952 1091 2009 consuerat,
1102 1950 1147 1998 aut

57 2015 243 2076 perstringenda
263 2017 379 2078 brevius,
400 2030 474 2079 quam
497 2020 588 2072 diffun-
614 2030 742 2078 anserem,
759 2032 811 2067 avo
829 2019 893 2069 fessa
911 2020 1034 2067 minorum
1058 2019 1151 2070 avium,
1212 2060 1217 2070 .

57 2081 138 2130 denda
144 2085 246 2132 uberius
252 2085 410 2146 putaverunt.
417 2089 506 2136 Boram
514 2089 589 2148 igitur
614 2089 744 2149 implumes
759 2090 834 2138 foetus
849 2090 977 2150 requirat,
988 2089 1031 2150 qul
1041 2089 1143 2139 solidio-

56 2162 140 2213 more,
155 2155 199 2214 qui
208 2155 269 2202 satis
278 2155 368 2214 putant
383 2156 474 2216 ignaris
489 2157 587 2205 viarum
613 2171 666 2207 rem
677 2159 759 2208 cibum
769 2160 866 2208 adferre
876 2159 1036 2220 nonpossint.

58 2293 1147 2326 m———n-—u—-u—

363 2414 535 2488 cinna
561 2417 839 2510 QUARTUS.

535 2592 672 2611 Ἠ

68 2736 72 2740 -
87 2713 110 2758 l.
122 2712 179 2759 lton
193 2710 344 2772 absurdum,
356 2709 459 2772 opinor,
470 2710 502 2759 de
512 2722 586 2771 pene-
642 2709 667 2758 2.
676 2712 705 2760 nt
713 2710 837 2772 plerisque
846 2711 873 2759 in
884 2711 946 2760 locis
956 2711 1058 2760 fortasse
1068 2723 1145 2760 amne·

54 2780 151 2829 ratione
161 2781 259 2828 Domini
268 2780 418 2828 confecimus
430 2792 506 2841 opus:
518 2783 586 2827 certe
610 2778 674 2826 nitas
685 2780 736 2839 ipsa
746 2782 856 2827 locorum
867 2780 957 2828 invitet
968 2781 1145 2839 praetermean-

55 2847 234 2896 infrnctuosum
249 2861 297 2896 non
312 2848 362 2895 fuit
375 2848 512 2895 Dominicis
530 2848 587 2894 din·
612 2849 671 2895 tem.
682 2849 741 2893 Nam
757 2848 778 2894 si
788 2848 899 2906 Ulyssem
912 2847 999 2906 illum,
1012 2848 1040 2895 ut
1055 2848 1145 2895 fanniae

53 2917 106 2964 tius
117 2916 238 2962 inhaerere
253 2915 396 2974 majoribus.
404 2916 465 2962 llam
476 2916 496 2961 si
513 2915 531 2960 il
543 2915 586 2973 qni
611 2916 695 2963 ferunt
704 2914 780 2978 (licet
790 2917 816 2964 et
824 2918 946 2976 Propheta
957 2916 1049 2964 dixerit
1059 2917 1145 2965 :flabi-

54 2995 171 3044 maqnnm
181 2995 250 3031 mare
267 2983 369 3032 littorali
386 2984 475 3042 parant
488 2983 591 3041 naviqu-
612 2985 694 3032 tabunt
714 2987 739 3032 io
760 2999 788 3032 ec
804 2986 859 3043 fiiiae
878 2987 986 3032 Sirenum
1005 2983 1076 3032 :etsi
1093 2996 1144 3032 non

54 3053 123 3101 tione
132 3053 306 3111 transmittere,
313 3052 407 3098 altioris
415 3051 587 3111 compendium
611 3053 715 3101 dixisset
734 3053 873 3113 Propheta,
892 3064 967 3100 nemo
983 3054 1068 3101 tamen
1086 3053 1144 3111 jure

55 3134 155 3179 cursus,
166 3121 253 3168 itidem
264 3122 293 3166 nt
303 3132 362 3179 nos,
375 3119 471 3167 fiduciae
484 3118 588 3165 infirmi-
611 3120 819 3179 reprehenderet3
840 3132 898 3167 cuin
922 3121 948 3168 et
970 3120 1097 3180 gigantes,
1116 3120 1144 3169 et

54 3190 107 3238 tate
118 3190 238 3247 citantes,
249 3202 319 3249 agros
330 3188 357 3237 et
367 3189 441 3235 urbes
452 3189 534 3236 littore
545 3188 587 3235 de-
611 3190 700 3235 vallem
711 3189 826 3236 Titanum
836 3188 962 3248 Scriptura
978 3187 1143 3247 comprehen-

55 3259 150 3316 ductas,
159 3259 223 3318 capti
231 3260 338 3306 locorum
346 3257 433 3305 decore
446 3256 588 3316 frequenter
612 3258 725 3319 derit);si
732 3272 788 3319 erqo
795 3260 906 3319 Ulyssem
916 3259 984 3306 illum
995 3259 1145 3317 postdecem

55 3327 279 3387 invisuntaqunnte
288 3327 418 3386 mtqlsnos
428 3327 454 3373 in
462 3327 530 3374 ano
539 3338 587 3373 non
612 3340 731 3375 annornm
739 3328 830 3375 exsilia
836 3329 928 3389 quihus·
935 3328 1053 3375 bellatum
1065 3328 1148 3376 inlito

55 3398 248 3456 elementorum,
259 3395 303 3444 sed
314 3400 438 3454 gestorum
450 3395 586 3443 coelestinrn
612 3397 663 3456 est,
674 3397 810 3456 decemque
830 3396 921 3444 erroris
931 3408 1007 3444 anuos
1024 3396 1146 3446 testinan-

54 3466 99 3513 siti
110 3466 241 3525 profundo,
251 3466 384 3514 viciniores
394 3467 477 3524 leqere
491 3468 587 3525 portus,
612 3467 662 3512 tem
687 3466 718 3512 ad
738 3466 844 3526 patriam
865 3465 999 3525 Lotophagi
1019 3464 1148 3514 suavitate

55 3536 83 3583 et
91 3534 230 3593 frequentes
237 3547 318 3581 amare
325 3534 444 3583 debemus
453 3546 586 3596 excursum
612 3536 741 3582 baccarum
758 3536 845 3582 tenere
862 3535 997 3594 potuerunt
1013 3548 1020 3580 c
1036 3535 1058 3582 ei
1074 3535 1145 3582 hortl

54 3615 88 3650 ne
99 3603 153 3662 quis
161 3604 238 3661 longae
247 3602 410 3660 navigationis
418 3603 491 3649 taedio
502 3602 587 3662 fatiga·
612 3603 706 3650 Alcinoi
713 3603 868 3650 retardarunt
876 3616 883 3648 t
890 3603 910 3649 si
917 3605 1039 3662 postremo
1044 3604 1145 3651 Sirenes

54 3673 109 3730 tus,
117 3671 209 3720 fastidii
223 3670 343 3719 vomitum
353 3671 494 3718 tenerenou
502 3673 586 3729 possit.
612 3673 687 3718 cantu
697 3671 766 3718 vocis
776 3670 902 3730 illectum,
913 3672 944 3718 ad
951 3672 1015 3720 illud
1024 3672 1144 3718 hinosnm

55 3741 126 3788 Certe
143 3741 164 3787 si
181 3739 236 3800 quis
251 3738 339 3786 intutae
354 3738 414 3785 ratis
434 3738 495 3786 vitia
511 3738 586 3785 infida
612 3739 904 3799 voluptatisnaufrapium
910 3753 974 3801 pene
980 3740 1143 3799 deduxerant,

55 3808 228 3869 perspexerit,
238 3807 364 3867 tamquam
378 3806 502 3866 frequenti
512 3805 588 3853 libro·
612 3808 660 3854 nisi
668 3808 785 3855 adversus
795 3799 946 3856 illee'ebrosae
960 3808 1055 3854 sonitus
1066 3806 1144 3855 canti·

55 3877 191 3936 compertu
201 3875 378 3935 objecto,licet
389 3875 522 3924 utaurinm
532 3876 588 3922 vela
612 3877 676 3924 lenas
693 3875 784 3924 inserta
801 3888 857 3924 cera
877 3876 999 3924 sociorum
1016 3874 1144 3922 clausisset

55 3946 180 4005 deponat,
198 3946 224 3992 et
237 3946 352 3994 lectionis
369 3945 501 3993 anchoram
521 3944 587 4004 figat.
611 3957 684 3993 aures
699 3957 706 3990 ι
724 3946 815 4004 quanto
836 3945 914 4004 magis
933 3943 1061 4001 religiosos
1076 3944 1144 3992 viros

55 4014 108 4062 Non
126 4013 224 4061 videtur
239 4013 376 4062 deseruisse
390 4012 534 4073 navigium,
544 4013 589 4061 sed
612 4013 749 4062 coelestium
764 4013 883 4062 factorum
895 4011 967 4058 decet
981 4011 1144 4060 admiratione

56 4083 193 4133 confecisse
213 4094 326 4145 emtum,
341 4084 385 4145 qai
409 4083 538 4135 descendit
561 4083 588 4133 tn
612 4080 821 4141 mulcerifhtque
833 4081 873 4127 hic
887 4079 938 4137 iam
953 4090 1002 4126 non
1013 4078 1143 4126 baccarum

55 4153 165 4213 portum.
182 4166 192 4181 ··
612 4151 720 4202 suavita
735 4149 888 4207 incitanda,
903 4147 946 4197 soil
961 4147 1031 4208 panis
1045 4145 1088 4194 ille
1100 4146 1143 4206 qui
