2760 4794
80 412 136 461 ‚tio
486 416 605 460 SANCT!
620 414 781 460 AMBROSH

90 496 154 543 rant.
165 496 307 544 Producitur
324 506 338 543 e
355 507 452 544 carcerc
464 496 617 556 rrcrtureqio,
642 496 799 544 maturiorem
819 493 950 554 quamdam
969 491 1111 547 veniamus
1129 491 1187 541 aeta.'

90 562 268 625 interpretatur
278 564 398 611 somnium
407 598 414 623 ,
423 563 524 624 eligitur
534 565 562 610 ut
574 564 618 611 bo·
643 563 739 611 tamin
749 564 811 622 Lege
823 561 905 608 autem
918 558 1042 607 mandata
1055 560 1128 618 sunt,
1135 560 1185 618 ius·

90 641 150 678 nore
165 631 318 691 prestantur
328 632 392 680 esset
406 631 521 680 omnibus
534 634 619 691 AEgyp
644 629 802 690 liberasses,
812 628 954 678 testimonia
964 660 973 686 ,
982 626 1113 687 justitiae,
1124 630 1185 686 prm-

88 697 143 758 ttls,
151 699 202 758 rcqi
210 699 341 759 secundus,
349 699 515 749 esurientibus
522 698 619 759 populis
643 701 723 758 cepta.
735 697 894 745 viviticarnur
905 707 964 757 erqo
977 695 1005 742 in
1017 696 1104 755 [ιω
1121 695 1184 742 unde

92 766 209 814 alimenta
220 767 349 816 divideret.
361 767 516 827 0bjiciuntur
531 768 555 814 ei
571 767 619 813 ira-
644 765 669 811 et
682 767 717 812 ait
727 766 854 829 Apostolus
866 776 873 809 ε
883 765 933 811 Lea
950 764 1035 811 cuum
1047 775 1100 810 non
1111 766 1144 810 avt
1153 776 1182 810 car

92 837 157 895 tres,
174 837 216 897 qui
237 849 293 884 eum
313 837 344 884 ad
359 836 485 885 servitutis
503 837 619 896 injuriam
642 835 684 892 fida
697 837 753 882 :aad
764 837 804 896 qai
815 835 871 894 flacii
881 833 963 890 illam,
971 833 1034 880 vivet
1047 834 1077 879 ta
1087 846 1125 880 co.
1137 831 1182 879 Sed

95 903 256 955 rommtcmo
266 916 347 952 amore
357 902 533 963 vendiderant,
542 903 619 950 utvel
643 902 701 961 quia
717 902 783 948 idem
798 913 869 960 supra
883 900 934 947 ait:
948 901 1076 962 Quoniam
1091 901 1182 959 iniaeqe

94 973 247 1023 contumeliae
264 975 291 1022 et
301 973 415 1035 appetitas
433 973 518 1020 salutis
535 972 618 1020 dolore
642 984 710 1018 acano
719 972 871 1030 trudbertus,
881 968 1001 1028 intelligis
1011 967 1108 1028 utique
1124 968 1179 1029 quia

95 1041 200 1090 tentatus
218 1042 346 1089 excuteret
362 1039 529 1101 germanitatis
545 1041 619 1088 adeo·
641 1036 784 1094 justificatio
795 1038 865 1097 begis
880 1037 977 1098 species
991 1036 1032 1084 est
1048 1036 1076 1082 et
1088 1035 1179 1094 imago,

95 1109 208 1159 causer
218 1110 258 1158 vir
263 1109 342 1168 justus
350 1110 439 1158 oblitus
447 1109 485 1156 est
494 1110 619 1157 contume-
643 1118 692 1152 non
702 1106 803 1153 veritas.
812 1105 952 1155 Secundum
964 1103 1108 1153 veritatem
1126 1116 1180 1164 erqo

94 1179 309 1239 tium,cumulavit
319 1180 520 1240 qratiam3eoque
531 1192 556 1227 se
566 1192 619 1227 ma·
643 1175 674 1221 ad
693 1175 870 1235 perlectionem
890 1185 964 1221 uerno
981 1172 1140 1232 iustificetur
1155 1173 1180 1222 in

93 1247 130 1309 qis
139 1247 241 1296 fratrem
250 1248 329 1296 voluit
339 1247 467 1306 exhibere,
473 1259 521 1307 quo
531 1246 619 1294 iratres
643 1241 723 1299 Lede,
739 1241 873 1288 Secundum
888 1239 998 1298 speciem
1016 1238 1181 1297 iffitififfiiffi·

93 1315 146 1376 lpse
157 1327 207 1364 nou
218 1314 304 1364 fuisset
314 1317 441 1375 expertus.
452 1315 564 1376 benique
573 1316 619 1364 boo
643 1309 703 1368 &3⁰
721 1310 818 1355 sanctus
831 1308 966 1368 Pf⁰l³h⁰t²s
984 1307 1030 1367 (1¹¹¹
1051 1307 1135 1354 adm
1155 1308 1180 1354 1¹¹

92 1395 195 1432 munere
204 1382 321 1432 etimtrcs
330 1383 433 1443 recepit,
441 1383 569 1443 etpatrem
577 1384 619 1443 pta
643 1377 713 1438 begis
722 1376 937 1436 justificationibus
948 1374 1072 1436 vivebat,
1081 1376 1180 1425 videbat

92 1450 179 1500 mode
190 1450 312 1511 quassavit.
323 1450 387 1510 Quid
402 1450 477 1510 igitur
488 1451 557 1497 allud
566 1465 619 1499 me.
643 1446 724 1492 autem
741 1445 860 1504 fulgorem
873 1444 1017 1505 Evangeli13
1038 1445 1114 1504 quasi
1129 1457 1180 1492 me-

92 1519 143 1573 lius
152 1519 245 1566 diceret
252 1518 461 1578 sanctusloseph,
471 1530 543 1577 quam
554 1517 619 1566 istud
643 1527 695 1560 mor
704 1514 795 1563 veteris
806 1514 941 1573 disciplinae
951 1546 959 1573 ,
970 1512 1032 1574 Legi
1050 1515 1178 1574 tamquam

92 1586 125 1637 od
142 1587 273 1634 Dominum
284 1599 291 1632 r
303 1589 357 1634 Nisi
367 1590 423 1646 quia
437 1587 474 1633 lca
491 1589 532 1633 tau
546 1588 619 1634 medi-
642 1583 770 1643 paedagogo
780 1582 834 1630 utili
844 1582 945 1641 gratiam
953 1583 1179 1631 reservabatcon-

92 1657 271 1712 tellement,
284 1656 337 1702 tanc
348 1654 448 1712 {oratiam
462 1655 581 1714 parilemm
592 1655 618 1701 in
642 1650 722 1697 sidera
734 1652 840 1712 aliquem
851 1649 1015 1699 excedentem
1027 1662 1066 1697 ex
1077 1652 1179 1710 ephebis

92 1721 222 1770 bumilitate
232 1720 301 1768 mcc?
642 1718 669 1764 in
688 1719 782 1768 divitiis
800 1722 826 1767 et
842 1717 977 1767 bonoribus
994 1719 1178 1780 constitutum,

48 1824 53 1831 .
122 1788 499 1849 52.rarlurprophetsculdam
511 1785 619 1851 (etple-
642 1787 770 1848 paedagoqo
795 1799 838 1835 suo
858 1786 1079 1835 honorificentiam
1101 1801 1179 1837 reser-

91 1856 163 1919 saque
175 1857 257 1906 ierunt
265 1858 330 1917 quod
341 1858 416 1906 Esaiae
426 1858 454 1904 in
465 1870 562 1906 carcere
573 1870 619 1917 po·
642 1858 756 1916 vantem,
775 1856 845 1914 culus
865 1855 952 1905 oitlciis
972 1855 1138 1905 informatum
1152 1871 1178 1906 se

92 1925 156 1988 sito)
167 1940 223 1977 cum
238 1929 303 1976 molo
319 1927 471 1976 imminentis
488 1930 618 1986 urgeretur
642 1938 694 1972 esse
703 1916 908 1987 comessaret3ut
916 1925 1085 1975 maturiorem
1092 1939 1178 1991 repere

93 1996 178 2055 exitii,
190 1995 280 2044 dixisse
292 1996 417 2044 diabolum
429 2010 435 2042 ι
445 1997 489 2044 bic
500 1997 557 2056 quia
568 2009 615 2044 uon
642 1995 721 2054 posset
732 1997 838 2048 aetatem,

91 2075 108 2113 a
123 2063 229 2110 Domino
244 2063 340 2110 locutus
357 2074 383 2109 es
401 2076 456 2123 quae
472 2061 574 2122 dixisti,
592 2065 617 2111 et
670 2063 708 2109 55.
726 2062 936 2123 llionctsiqnidem
950 2063 1028 2112 etiam
1040 2063 1100 2125 ipsa
1110 2065 1174 2124 lox,

92 2130 202 2179 omnium
218 2128 245 2177 in
254 2130 280 2178 te
290 2129 386 2178 mentes
402 2130 551 2190 adactusque
561 2143 616 2178 mu-
641 2131 669 2177 ut
679 2130 717 2179 bis
727 2132 770 2190 qui
785 2133 856 2179 uobis
867 2132 999 2192 aliquando
1018 2134 1175 2194 profuerint,

90 2197 617 2259 tano3ulqusindignanturnjmssm,aoso
641 2199 1175 2260 nequaqnamessedebeamusingratidlam

90 2267 211 2317 lutlouem
221 2268 355 2317 conterant.
364 2266 412 2314 Sed
423 2267 465 2315 ille
477 2267 617 2326 qrabmju-
641 2265 703 2313 sicut
722 2267 840 2314 babemus
858 2268 885 2315 in
902 2266 982 2315 veteri
999 2268 1173 2328 Testamenta,

91 2333 183 2386 dicavit
200 2348 244 2395 pro
254 2335 358 2384 veritate
369 2334 532 2394 supplicium,
543 2349 615 2395 quarn
640 2336 728 2392 pascha
737 2337 886 2385 celebratum
894 2335 1069 2397 estinAEqypti
1076 2338 1172 2398 finibus,

90 2403 283 2464 pmadulatione
293 2402 523 2460 beneficiurn.Quod
532 2405 615 2464 utiquc
640 2414 695 2448 curn
706 2404 784 2450 adbuc
796 2405 841 2451 sub
852 2418 910 2464 rege
926 2405 1021 2451 Pharao
1039 2406 1117 2464 positi
1133 2418 1173 2465 pa-

90 2484 141 2520 non
161 2471 274 2526 iecisset,
295 2472 344 2519 nisi
365 2472 526 2520 meditatione
544 2473 615 2534 Legis
640 2471 689 2519 tres
700 2471 774 2519 nostri
784 2473 940 2532 deplorarent
950 2473 1053 2521 miserae
1065 2472 1172 2523 servitu-

91 2539 177 2588 iuissot
187 2541 346 2589 exercitatus.
640 2538 671 2584 tis
682 2540 814 2598 injuriam:
829 2542 855 2587 et
872 2542 955 2600 postea
972 2540 1078 2588 liberati
1091 2556 1172 2590 rursus

120 2609 160 2656 55.
173 2607 209 2654 Sit
228 2620 284 2667 ergo
299 2608 369 2654 nobis
383 2609 524 2667 quotidiana
541 2609 614 2656 lectio
639 2605 738 2654 lvrterra
753 2610 1048 2668 repromissionispascba
1061 2613 1171 2658 celebra·

90 2685 135 2734 pro
147 2674 281 2733 exercitio,
292 2674 321 2721 ut
337 2687 389 2733 quae
405 2676 523 2735 legimus,
535 2678 614 2724 medi·
639 2675 709 2720 runt:
719 2675 831 2734 suipertus
840 2676 870 2721 ad
878 2676 1171 2738 eornmonitionem‚pos·

89 2741 280 2789 temurlmllari,
292 2742 372 2789 lubae
383 2741 528 2791 desudemus
539 2744 614 2792 virtu.
639 2738 715 2787 terius
729 2742 757 2788 ad
777 2744 977 2790 recordationem.
994 2744 1018 2789 Si
1040 2747 1100 2803 quis
1115 2759 1170 2807 ergo

90 2810 311 2868 tumpalaeslra3ut
319 2822 374 2856 cum
385 2809 552 2869 increpuerint
563 2815 615 2859 len·
640 2806 770 2868 interroget
780 2811 909 2857 Hebraeurn
925 2823 972 2870 qua
984 2811 1084 2859 ratione
1096 2813 1123 2860 in
1133 2816 1171 2860 ffl-

89 2877 212 2937 tameuta,
224 2889 274 2925 non
285 2879 407 2937 tamquam
425 2880 613 2939 inexercitatos,
639 2879 709 2936 gypto
723 2879 811 2937 pascha
828 2879 976 2927 celebratum
993 2879 1050 2937 est,
1068 2895 1170 2942 respon-

89 2957 139 2995 non
150 2946 274 3006 tamquam
292 2948 405 3007 expertes
421 2946 568 3006 spiritalium
579 2949 614 2995 ci·
639 2946 705 2993 ciebit
717 2961 722 2991 :
735 2948 796 3005 Quia
810 2948 862 3006 regi
880 2949 971 2994 Pharao
986 2948 1071 2995 adbuc
1091 2951 1170 2999 servi-

89 3013 190 3076 borum,
200 3014 479 3073 etadtcnuatosieiunio
489 3016 613 3074 lectionis,
639 3011 697 3060 tutis
715 3015 813 3062 vinculo
829 3016 928 3063 obnoxii
943 3017 1108 3077 tenebamur,
1127 3019 1170 3068 illa

89 3082 251 3135 tentationum
269 3084 365 3143 tempus
379 3082 498 3131 inveniat.
509 3083 578 3140 Quod
594 3085 613 3131 si
638 3092 711 3140 agnus
728 3085 824 3140 patrum
839 3085 955 3143 populum
975 3084 1113 3144 liberavit,
1127 3087 1170 3135 illo

80 3149 612 3211 'athleticisepulispastamanimamnoslram
638 3161 712 3208 agnus
723 3153 819 3199 vocavit
827 3153 857 3200 ad
867 3152 1021 3209 libertatem,
1033 3153 1081 3199 ille
1093 3167 1170 3213 agnam

89 3217 197 3277 potuerit
216 3219 351 3267 invenire:
371 3219 391 3264 si
408 3220 439 3266 sit
455 3220 613 3279 Evangelicus
637 3218 711 3266 naris
725 3221 844 3279 profunda
861 3221 986 3280 solidavit,
998 3222 1025 3268 ut
1036 3223 1170 3284 AEgyptum

89 3296 175 3335 succus
183 3286 287 3344 innobis
296 3298 303 3331 a
311 3284 332 3331 si
343 3286 482 3344 apostolicis
492 3286 554 3334 escis
564 3299 613 3335 ma·
637 3285 738 3335 transire
750 3301 882 3346 possemus.
893 3289 994 3346 Quoties
1005 3302 1065 3348 ergo
1078 3292 1170 3350 pascha

88 3351 180 3399 turitas'
188 3354 275 3399 nostrae
286 3353 375 3398 mentis
386 3353 450 3399 toros
459 3385 467 3411 ‚
476 3355 562 3400 animae
573 3367 613 3402 ro·
637 3355 803 3415 celebramus,
815 3357 956 3404 meminisse
967 3356 1091 3406 debemus
1101 3362 1170 3408 vete-

88 3417 160 3465 busta
174 3417 317 3464 solidaverit
328 3430 334 3462 :
344 3417 368 3479 si
376 3418 498 3478 frequenti
509 3420 613 3468 medita-
637 3420 670 3465 ris
680 3422 820 3481 servitutis,
831 3424 856 3470 et
867 3435 935 3471 novae
950 3423 1075 3471 libertatis
1089 3438 1096 3470 ε
1108 3427 1171 3486 quid

89 3483 158 3533 lione
184 3484 302 3540 memoria
331 3486 406 3533 tenax
435 3490 610 3545 praceptorum
637 3485 769 3548 fuerimus,
788 3493 813 3538 et
831 3491 891 3551 quid
914 3489 1095 3549 acceperimus.
1118 3495 1170 3543 lion

89 3552 225 3601 ooelestium
242 3551 324 3612 parata
341 3551 372 3599 ad
387 3552 484 3612 tempus
499 3557 611 3614 exempla
637 3554 703 3601 enim
712 3558 791 3615 potest
801 3559 873 3616 plene
884 3558 938 3618 quis
952 3558 1096 3617 intelligere
1108 3563 1170 3621 quid

89 3619 340 3681 depromserit,nulla
350 3621 512 3673 tentationum
521 3624 611 3682 poterit
636 3625 771 3684 acceperit,
792 3625 840 3673 nisi
860 3625 1001 3672 meminerit
1023 3628 1085 3679 aute
1107 3630 1168 3690 quid

86 3701 131 3744 nos
141 3687 284 3750 perturbare
299 3690 445 3749 congressio.
636 3690 719 3741 fuerit.

118 3756 277 3818 obsequitur
287 3770 371 3807 versus
379 3758 495 3818 quintus:
506 3762 534 3808 Ia
545 3765 610 3810 oeter·
664 3761 703 3807 56.
714 3761 765 3810 Non
782 3775 840 3822 erqo
854 3762 1027 3812 obliviscamur
1041 3765 1105 3825 quia
1114 3767 1168 3815 Do-

86 3841 146 3876 num
162 3840 211 3874 aon
228 3828 347 3876 obliviscor
354 3828 547 3886 justificationum
558 3835 609 3879 tuo·
634 3827 714 3876 minus
724 3831 808 3891 Jesus,
824 3844 899 3892 agnus
909 3832 969 3891 Dei,
981 3833 1071 3881 mundi
1084 3835 1166 3884 bestia

86 3911 154 3956 ram
166 3897 273 3956 qamaiam
285 3899 309 3944 in
319 3898 374 3957 ipsis
383 3899 609 3955 virificaslinre.Lex
633 3897 706 3944 solvit
716 3910 760 3946 nos
770 3901 882 3958 gravium
895 3901 1001 3948 neribus
1012 3901 1166 3951 delictorum

86 3963 222 4015 secuudum
241 3964 380 4023 apostorum
404 3965 545 4025 paedagogus
572 3969 609 4014 est
633 3966 869 4025 quibustaraoille
880 3970 1021 4018 teterrimus
1029 3981 1081 4017 non
1090 3971 1167 4019 unius

87 4032 260 4107 porvulomm.
275 4032 352 4082 dauco
369 4032 400 4082 ad
416 4032 531 4108 perlectae
551 4033 607 4083 fidei
632 4035 738 4099 AEqypti,
749 4038 793 4087 sed
803 4038 967 4099 saculiistius
978 4037 1097 4102 princeps
1108 4041 1164 4108 viiij
