2760 4794
373 451 375 455 ¹
445 400 816 446 aruboe1nru0buurm
836 404 945 448 Datin.
1200 404 1230 452 {9

302 489 428 542 CAPUT
446 492 528 547 XVI,
706 482 1233 546 catadmlssi,etquamvisrcxlepibusab-

151 585 215 626 Periti
224 585 362 628 doctorisesse
373 591 459 638 iniquos
471 591 514 628 vias
525 592 614 630 Domini
627 590 680 629 edo·
704 551 1232 635 ⁸⁰¹th&quaetffmenreunitfonsfienfiae3

172 649 225 680 m„
233 642 348 692 Quomodo
356 643 434 681 ,dmm
442 643 528 685 mmm,
538 648 587 683 tum
595 643 681 682 navidis
703 621 795 677 quibus
804 623 912 668 vinculis
922 634 948 670 se
960 623 1062 670 euodurr
1074 624 1231 683 desudemus,

170 704 264 744 perone
273 697 462 742 accommodatum
472 698 554 745 quidve
561 699 651 736 lucrm
659 708 680 738 ss
704 689 816 736 divinum
824 692 873 738 sibi
883 693 1000 751 precatur
1009 693 1147 752 auxilium,
1158 696 1187 741 ut
1200 694 1232 740 ab

172 749 532 798 demutamusoreteropuetar
703 758 1230 819 omuicriminisperpetratilabemundetur.
1279 813 1282 818 A

177 826 216 873 75.
232 826 388 886 Srourrun:
404 828 495 875 Docebo
513 829 608 888 iniquos
626 829 679 876 vioe
703 825 732 872 Et
741 837 769 872 re
779 835 839 873 vera
849 839 906 874 cum
916 828 985 874 mitis
995 829 1021 875 et
1031 828 1104 875 eorde
1119 840 1233 875 mausue-

146 895 200 942 toos
209 926 218 950 ,
235 897 257 941 ot
273 896 341 954 impii
356 896 387 942 od
405 898 425 942 tc
443 899 613 944 convocentur,
633 896 678 943 llle
703 895 742 940 tus
752 895 850 954 egregia
858 907 956 954 semper
963 895 1059 943 dederit
1066 898 1164 944 sanctus
1175 897 1233 944 Pro·

145 964 287 1024 praecipuus
298 964 336 1010 est
350 965 513 1023 gubernator,
531 966 574 1025 qui
590 978 679 1025 scopu·
701 961 777 1021 pheta
800 975 851 1010 suae
869 963 1065 1011 mansuetudinis
1085 967 1111 1012 et
1131 966 1232 1024 pietatis

146 1033 197 1080 loso
206 1033 232 1080 iu
242 1033 324 1080 littore
333 1033 416 1080 navim
424 1035 558 1093 gubernat:
569 1035 611 1082 ille
621 1036 678 1082 doc·
702 1029 821 1089 insigniar
842 1029 878 1077 ἥδ
894 1031 923 1077 Ut
941 1030 1090 1078 adversariis
1107 1031 1159 1078 ⁸⁰1⁸
1180 1031 1232 1080 ffe-

145 1104 185 1149 tor
194 1101 339 1162 bouus,qui
351 1102 449 1149 duriora
458 1103 526 1149 acuit
537 1103 637 1162 bigeuia
647 1104 678 1150 ad
701 1098 807 1154 <luentes
830 1095 968 1155 limisit,
991 1097 1065 1156 at⁴1¹¹ss
1090 1098 1121 1144 ab
1144 1110 1232 1157 ‘mmm

146 1169 293 1216 enesionis
314 1167 454 1228 proiectum
473 1181 481 1216 ι
502 1170 546 1217 uie
573 1171 678 1217 bellator
702 1166 906 1222 neceuutaverit
924 1166 1113 1224 abstinendum
1129 1171 1233 1215 nonest

145 1235 336 1295 egreglus,dux
345 1235 480 1295 mirabilis,
489 1236 533 1295 qui
541 1236 679 1283 timidiores
704 1231 797 1277 mirum
810 1233 877 1290 quod
890 1234 941 1279 tam
956 1235 1064 1291 graviter
1079 1235 1160 1282 doleat
1174 1236 1233 1282 iuu-

147 1300 679 1360 acceuditinpraelium‚exploratisquelo-
705 1299 781 1350 dendi
796 1301 923 1360 sauguinis
932 1301 1029 1349 innoxii
1039 1302 1087 1348 sibi
1095 1304 1232 1362 obrepsisse
1263 1305 1266 1314 “
1310 1326 1312 1334 ·

148 1362 236 1412 corum
252 1365 374 1425 ingeniis,
390 1365 478 1427 fulcit3
490 1368 519 1414 ut
530 1368 625 1413 intirma
642 1369 680 1416 vi·
704 1368 842 1426 peccatum.
861 1369 918 1416 ldeo
929 1370 1029 1416 liberari
1040 1383 1092 1418 sea
1107 1373 1234 1431 sanguini-

147 1432 214 1480 rium
230 1432 356 1479 commoda
370 1433 484 1481 stationis
495 1435 677 1494 opportunitate
703 1435 764 1494 bus,
783 1437 830 1483 boc
853 1439 891 1485 est
911 1439 1050 1497 apeccatis
1073 1441 1232 1498 mortalibus,

147 1499 359 1557 compenscttille
367 1500 482 1547 similiter
491 1513 592 1560 maguus
601 1501 676 1547 etiam
700 1505 842 1562 postulavit.
863 1505 984 1553 Laudavit
1001 1506 1133 1554 Dominum
1151 1511 1232 1556 Deum

144 1566 317 1626 insinuator,
333 1568 375 1627 qui
394 1569 492 1629 iniquos
509 1569 590 1616 docet.
605 1570 676 1616 Unde
700 1586 785 1633 suum,
806 1575 930 1633 justitiam
946 1576 1044 1622 Domini
1069 1577 1230 1635 praedicarit3

144 1633 231 1691 pulcre
246 1633 281 1681 ait
293 1635 403 1698 :Docebo
419 1637 519 1696 iniquos.
531 1637 583 1682 Non
594 1636 673 1683 dixit:
699 1641 805 1702 ideoque
818 1644 929 1691 addidit:
941 1645 1076 1693 Exndtotit
1085 1648 1167 1707 linquo
1176 1661 1231 1695 mco

144 1701 241 1748 Docebo
248 1701 471 1761 iustos;uoveruut
479 1705 545 1751 enim
553 1705 613 1762 iusti
621 1705 675 1753 vias
696 1711 896 1768 jactitantium.

144 1769 242 1817 Domini
253 1783 261 1816 ε
272 1771 330 1829 sed,
348 1773 454 1831 iniquos,
470 1770 565 1834 iuquit,
581 1775 673 1821 docebo.

145 1839 261 1899 Denique
271 1841 358 1886 auctor
367 1841 505 1899 prudentiae
520 1844 547 1888 et
557 1844 675 1902 magister

144 1908 256 1954 omnium
274 1908 336 1955 dicit
347 1921 354 1954 ε
366 1911 421 1957 Nou
430 1912 484 1957 oeni
489 1911 566 1970 justos
576 1926 673 1970 vocare,
847 1890 975 1944 CAPUT
994 1892 1092 1944 XVII·

142 1978 182 2024 sed
189 1980 331 2037 peccatores.
341 1978 370 2025 Et
380 1979 490 2026 medicus
497 1981 540 2027 ille
552 1982 672 2029 coelestis:
698 1995 802 2033 neodem
811 1996 881 2034 verbu
889 1997 931 2034 sius
943 1995 1054 2044 peccatum
1065 1998 1104 2035 sior
1117 1996 1230 2036 uminum

143 2047 199 2092 Noa
210 2059 267 2104 opos
276 2049 310 2094 cst
320 2046 675 2108 soob,inquit,mcdicoo,scd
720 2050 1229 2100 consensuumoenopoecaronosoocruun.

143 2115 252 2173 infimi&
724 2104 803 2142 Eadem
824 2102 891 2140 verba
910 2106 975 2142 etlam
996 2105 1081 2143 Christo
1101 2106 1230 2150 convenire,

178 2181 218 2228 76.
229 2181 288 2229 sive
301 2182 421 2240 igiturex
434 2195 538 2242 persona
550 2184 617 2233 illius
630 2187 674 2245 qui
721 2158 799 2217 quw
812 2157 851 2204 φή
866 2167 931 2195 ”⁰¹³⁸
943 2160 969 2220 ⁸·st
982 2159 1063 2204 David,
1074 2166 1142 2222 ΨΟ
1153 2159 1233 2225 ΜΨ

723 2213 822 2255 gentium
832 2213 979 2255 congregatio,
990 2214 1011 2246 ei
1022 2211 1165 2248 Ecclesrarum
1175 2211 1231 2248 iun-

145 2250 234 2308 gentes
250 2251 364 2308 vocarit,
379 2251 432 2298 sire
445 2263 479 2296 ex
488 2253 621 2309 sua,beue
631 2266 676 2310 po·
723 2261 780 2297 datio
791 2261 948 2306 praesepiorum
961 2265 1067 2307 postremo
1081 2264 1191 2302 nonnuliis
1204 2265 1231 2301 uo

145 2317 209 2363 suin
217 2317 462 2377 Doceboinpthwfag
469 2320 535 2377 mg,-
546 2318 604 2378 quia
611 2332 676 2366 com.
723 2313 826 2350 sacrificio
835 2313 913 2375 curisti
920 2318 984 2361 atque
992 2313 1115 2363 Martyrum
1123 2319 1232 2372 propositis

145 2385 241 2432 mutare
250 2385 351 2432 vitiosos
364 2385 465 2432 affectus
480 2387 574 2444 potest,
585 2399 675 2448 propo·
723 2375 750 2414 ⁰¹²
751 2375 776 2403 ω
784 2365 902 2403 clauditur.

143 2455 267 2512 situmque
279 2454 424 2500 convertere
432 2453 543 2501 doctrina
554 2457 673 2517 scelestis,
730 2453 770 2500 78.
784 2453 901 2511 Domine,
918 2451 981 2500 lobio
991 2467 1045 2502 mco
1058 2457 1162 2516 operire,
1170 2461 1193 2507 et
1203 2473 1229 2508 os

144 2524 170 2570 et
181 2523 290 2582 operatio
301 2523 387 2569 divina
400 2523 525 2582 sacrilegis
533 2526 673 2583 pectoribus
698 2534 776 2569 meum
792 2521 943 2574 aanomiobit
967 2523 1060 2571 leodem
1086 2527 1161 2572 tuom.
1182 2527 1229 2585 Qui

143 2591 224 2638 studia
235 2592 335 2650 pietatis
343 2591 488 2650 iuiuudere3
498 2595 525 2640 ut
534 2594 609 2654 biqui
619 2596 672 2643 sine
697 2591 783 2638 laudat
794 2591 944 2649 Dominum,
957 2591 988 2638 ab
999 2592 1108 2640 inimicis
1120 2596 1171 2646 suis
1180 2598 1229 2644 erit

144 2660 198 2719 lege
209 2660 343 2719 vivebant,
356 2661 532 2708 convertantur
548 2663 580 2709 ad
591 2664 673 2712 Domi·
697 2662 797 2719 salvus,
810 2661 839 2706 ut
849 2660 968 2718 scriptum
979 2661 1025 2707 est.
1036 2663 1066 2709 ut
1079 2664 1146 2710 certe
1155 2677 1230 2725 supra

143 2740 204 2774 rrum
219 2741 324 2788 verum,
343 2729 387 2788 qui
405 2731 463 2776 ante
479 2730 671 2779 avertebantur:
697 2729 795 2776 dixerat
805 2728 833 2776 iu
847 2728 1033 2788 quadragesimo
1044 2743 1108 2777 nono
1119 2733 1227 2790 psalmo:

143 2797 236 2856 regalis
255 2809 352 2857 quoque
370 2799 486 2856 exemplo
504 2800 671 2860 poeniteutiae,
698 2799 819 2846 Peccatori
834 2800 914 2844 autem
932 2800 993 2845 dixit
1008 2802 1071 2846 Deos
1086 2812 1095 2846 .·
1108 2803 1187 2861 Quare
1202 2807 1229 2850 iu

144 2866 171 2912 bi
186 2866 229 2925 qui
242 2866 386 2925 iniquitates
404 2867 430 2912 et
449 2867 536 2914 acerba
555 2872 673 2917 exercent
696 2880 796 2914 enarres
808 2866 909 2924 justitior
921 2866 1002 2913 meos?
1012 2867 1071 2912 Cum
1082 2879 1140 2926 ergo
1150 2883 1195 2929 per
1203 2884 1230 2918 os

144 2934 590 2995 flagitia,corrigantur3etlideatque
599 2950 672 2996 opero
697 2947 769 2982 suum
784 2933 877 2982 dixerit
890 2933 957 2992 quod
971 2936 1127 2993 peccatorem
1141 2938 1227 2996 probi·
1253 2932 1259 2943 '

142 3003 401 3061 couversi,doctrinae
410 3004 548 3051 remedium
559 3006 673 3054 salutaris
697 3003 780 3050 buerit
805 3003 873 3049 Deus
890 3014 946 3049 suas
968 3015 1083 3052 enarrare
1105 3006 1228 3067 justitias,

144 3070 282 3129 accipiant,
304 3070 475 3128 ingrediantur
489 3072 588 3118 Domini
604 3074 672 3131 vius,
697 3073 783 3129 utique
801 3071 855 3129 ipse
866 3070 1001 3116 enarrando
1025 3071 1148 3126 justitiam
1165 3076 1229 3135 Dei,

145 3140 173 3182 in
197 3137 288 3196 qulbus
312 3138 394 3182 nullos
418 3138 509 3184 erroris
536 3139 673 3198 anfractus,
699 3139 833 3185 declaravit
845 3137 1003 3184 commissum
1013 3138 1059 3184 boc
1074 3150 1230 3202 nequaquam

145 3204 214 3250 nulla
220 3203 367 3251 diverticula
372 3203 508 3263 precipitis
514 3205 675 3264 prolapsionis
698 3206 747 3255 sibi
758 3206 906 3265 imputatum
919 3217 972 3252 esse
982 3206 1119 3265 peccatum.
1289 3259 1295 3268 ι

87 3286 95 3298 ·
144 3273 278 3320 ollendant.
290 3271 435 3321 sicutenim
444 3273 514 3319 bonae
525 3273 583 3322 vitae
593 3275 674 3334 speci·
729 3276 768 3323 79.
787 3275 816 3321 Et
837 3273 932 3320 addidit
943 3287 950 3319 ι
960 3275 1037 3322 bobio
1052 3289 1105 3324 mco
1122 3281 1227 3338 operies,

144 3353 216 3402 uwn,
234 3344 260 3389 et
273 3341 373 3389 virtutis
391 3343 517 3402 exemplar
528 3343 554 3389 in
569 3343 604 3390 iis
613 3344 673 3391 viris
697 3344 720 3390 ct
731 3355 841 3390 osmcum
849 3342 999 3391 annuntiabit
1009 3343 1099 3390 modom
1110 3347 1184 3393 tuorn.
1196 3347 1236 3394 Oe·

143 3412 197 3469 cst,
219 3411 264 3469 qui
284 3409 403 3458 inoffensa
424 3411 482 3458 ritae
495 3424 545 3459 suae
562 3414 672 3471 tempora
697 3411 832 3472 peccatoris
851 3411 918 3458 Deus
935 3410 1044 3471 claudit,
1064 3424 1096 3458 ne
1112 3414 1228 3473 loquatur

143 3479 327 3536 percurrerint:
339 3479 373 3526 ita
387 3479 431 3538 qui
448 3478 566 3540 anteactis
580 3492 673 3527 renuu·
695 3480 804 3538 justitias
815 3479 861 3525 Dei
873 3492 879 3524 ι
890 3478 951 3535 justi
961 3479 1056 3537 aperit,
1064 3481 1093 3528 ut
1102 3481 1225 3541 loquatur.

141 3546 233 3592 tientes
242 3543 356 3605 tlagitiis,
366 3546 408 3592 rel
416 3546 596 3593 incredulitatis
605 3559 673 3593 erro·
697 3546 772 3605 Cujus
787 3558 843 3605 ergo
859 3545 925 3593 labia
942 3546 1036 3605 aperit,
1048 3547 1114 3595 buno
1129 3553 1226 3607 peccati

143 3615 211 3661 ribus
218 3647 226 3673 ,
233 3614 422 3661 emendaverint
428 3616 673 3675 cursumposterioris
698 3615 805 3662 absolvit
811 3616 891 3662 reatu.
901 3615 970 3661 Illius
979 3615 1062 3661 autem
1072 3617 1153 3675 aperit
1161 3619 1226 3666 labia

143 3683 231 3739 auus,
241 3682 317 3730 bisad
325 3681 472 3730 imitandum
480 3684 598 3743 propositi
606 3685 672 3742 sunt,
698 3683 831 3741 Dominus,
849 3683 892 3742 qui
902 3683 993 3742 accipit
1001 3685 1105 3730 verbum
1116 3684 1143 3732 iu
1154 3698 1227 3745 aper-

143 3751 186 3810 qui
197 3753 239 3798 rel
250 3763 324 3809 opere
336 3751 377 3810 rel
388 3751 535 3810 cogitatione
545 3752 671 3799 labuntur.
698 3751 765 3797 tione
779 3751 829 3797 oris
839 3751 967 3810 sui-Unde
982 3751 1007 3796 et
1021 3751 1149 3811 Apostolus
1162 3753 1227 3811 petit

174 3820 213 3867 77.
225 3819 343 3879 Sequitur
354 3832 362 3864 τ
373 3820 459 3868 Libero
467 3834 504 3867 roc
515 3822 543 3867 dc
552 3824 674 3880 soapaini-
698 3831 724 3865 se
734 3817 846 3877 adjuvari
860 3818 1012 3865 orationibus
1023 3820 1117 3878 plebis,
1129 3821 1157 3866 ut
1169 3831 1227 3878 ape·

148 3889 189 3936 bos
198 3891 275 3946 Deus,
286 3891 350 3937 Deua
358 3890 441 3938 colotis
450 3902 516 3936 mese.
528 3889 558 3936 ut
568 3889 598 3935 ad
610 3891 674 3938 Uriae
698 3887 775 3935 riatur
785 3887 833 3934 sibi
849 3887 939 3934 ostium
950 3887 1021 3935 verbi
1036 3888 1067 3934 ad
1075 3886 1226 3946 loquendum

145 3955 249 4003 mortem
262 3956 342 4016 potest
355 3955 461 4016 referri,
473 3957 540 4016 quod
553 3957 673 4006 mandatae
697 3956 843 4016 mysterium
853 3956 952 4004 Christi.
969 3957 1089 4020 Linguam
1105 3966 1165 4001 vero
1181 3967 1226 4014 pro

144 4020 214 4070 necis
226 4021 280 4080 eius
292 4022 419 4081 conscius,
430 4023 530 4071 veniam
541 4021 604 4072 tanti
619 4036 673 4083 pos·
697 4036 810 4072 sermone
826 4024 963 4083 accipimus
979 4024 1048 4082 eius,
1065 4021 1108 4133 ᾳιὲί
1119 4023 1227 4072 emulmt
