2760 4794
237 461 240 465 .
422 398 456 441 ΙΝ
471 396 631 440 psalmum
646 396 754 439 cxvlll
770 397 959 442 lilll’OSlTlo.
1184 397 1232 446 lus

149 476 220 526 uobis
230 476 676 538 eaumsltdeludioionostro,quam
703 475 1076 536 illudjudiciumbooenciorum
1084 479 1230 540 cbristl‚rui
1299 515 1301 522 .

149 546 181 594 de
190 559 272 596 errore
280 548 393 597 dicenda.
401 546 496 595 Erranti
504 546 571 593 enim
582 545 678 593 facilius
703 547 851 606 respondere
868 560 917 595 uon
934 561 1062 608 possumus
1081 548 1153 611 (quis
1164 551 1231 598 euim

149 612 221 661 ortu
231 615 313 673 renis,
322 629 395 676 quern
400 615 511 674 improbe
520 614 547 660 iu
557 611 678 670 aliumlu·
703 616 784 672 potest
789 615 899 663 debitum
905 617 999 664 reterre
1008 616 1113 677 naturae,
1120 617 1231 666 debitum

149 680 241 728 dicanti
253 695 260 727 r
272 679 432 732 massensi·
439 682 506 730 enim
512 692 566 728 eam
575 680 677 727 lormarn
703 683 788 730 salutis
799 684 825 731 et
835 683 1021 745 gratiaeil;allrrd
1030 685 1168 746 judicium,
1183 701 1231 748 quo

148 748 175 795 in
185 750 211 796 te
222 750 304 799 redire
312 752 410 812 judieii,
418 763 492 811 quam
501 749 529 796 in
540 749 616 796 aliurn
623 749 677 810 ipse
703 750 841 812 tragilitatis
860 757 949 802 nostra
967 756 1128 803 estimatione
1144 768 1232 804 oense·

148 817 328 868 decernendam
342 820 477 880 putareris.
702 833 765 867 mur.
782 822 870 870 lnlnoo
885 824 1029 884 lpsotamen
1043 824 1231 882 Judioiumcunr
1279 845 1282 849 ·

179 885 217 933 2⁷.
240 887 357 948 Sequitur
372 901 457 936 versus
472 885 560 934 tertius
575 898 583 931 a
598 886 676 945 Loaqr
702 888 869 938 msericordla
882 892 1022 952 copulatum
1033 894 1071 940 est
1086 893 1232 956 :utrerilps

147 957 182 1004 ml
191 969 207 1002 a
215 957 375 1016 peccatoribus
392 957 469 1015 saluar
480 955 591 1014 quomam
606 954 677 1011 jurii·
700 957 788 1016 iudicii
796 960 1058 1008 miseraliouellomlni
1068 961 1230 1022 temperetur.

148 1026 193 1074 ir'as
204 1028 257 1074 luas
272 1039 320 1073 ooo
331 1027 499 1086 exquisierunt.
510 1023 620 1082 Quorum
636 1034 676 1071 se·
730 1027 770 1073 5l.
782 1026 830 1074 lut
839 1026 955 1087 fortasse,
963 1029 1137 1088 quiadineratr
1147 1030 1231 1076 ludica

147 1102 202 1139 rum
215 1093 406 1153 majodorum,
427 1105 512 1141 eorum
526 1092 591 1139 salus
603 1091 675 1150 louqe
699 1093 812 1152 Mirtum
829 1107 924 1155 meum
941 1096 997 1143 ideo
1012 1096 1140 1144 subtexuit
1155 1097 1231 1144 mise-

147 1159 186 1206 est
196 1173 203 1206 r
214 1162 258 1209 sad
266 1161 315 1222 ipsi
325 1162 382 1210 suut
393 1162 432 1209 sui
442 1163 554 1209 suctores
561 1158 676 1220 periculi,
701 1163 809 1211 rationes
821 1163 921 1210 Domlnl
932 1164 1038 1211 nimium
1055 1165 1145 1212 mullas
1158 1177 1229 1223 esse3

146 1229 191 1287 qui
201 1231 304 1278 Domluo
311 1243 360 1278 non
371 1229 608 1290 appropinquarunt.
619 1227 676 1275 ideo
701 1242 776 1289 prave
786 1233 825 1279 est
831 1232 898 1279 enlm
905 1232 936 1279 de
946 1233 1023 1279 altero
1030 1231 1152 1289 judicare.
1160 1232 1231 1279 Unde

147 1295 207 1343 laeti
222 1299 280 1346 sunt
291 1300 380 1359 louge,
395 1301 454 1359 quia
464 1298 591 1348 voluntate
607 1307 676 1344 suaa
702 1299 778 1346 etiarn
788 1300 906 1360 seriptum
919 1300 972 1348 este
984 1302 1061 1349 Nolite
1074 1301 1178 1359 iudicare
1185 1333 1193 1358 ,
1204 1302 1232 1347 at

146 1366 234 1415 salutis
248 1380 274 1415 se
289 1369 367 1426 pratia
377 1367 563 1428 separaverunt.
573 1366 625 1412 Nou
637 1376 675 1412 re·
700 1369 899 1426 nonjrsdr'cemiai.
916 1369 975 1416 Cum
986 1369 1053 1415 enim
1062 1366 1231 1428 uuusquisque

147 1433 211 1493 fugit
220 1447 261 1484 eos
271 1438 349 1497 salus,
361 1438 404 1485 sed
413 1437 459 1497 ipsi
471 1437 589 1493 salutem,
598 1434 640 1494 qui
649 1446 675 1482 se
702 1436 840 1484 sitsuorum
851 1437 963 1485 consolus
980 1437 1153 1498 peccatorum,
1169 1447 1231 1496 quo-

147 1503 332 1562 elonqavoruut.
341 1508 415 1555 Venit
423 1506 454 1554 ad
461 1507 567 1564 ludaeos,
575 1504 618 1552 sed
627 1503 674 1564 ipsl
701 1505 773 1552 ruodo
786 1507 868 1566 potest
881 1507 912 1554 de
926 1507 1028 1554 alterius
1043 1506 1155 1567 judicare
1171 1517 1232 1564 peo-

147 1573 252 1620 salutem
266 1588 315 1623 nou
322 1577 478 1636 receperunt.
490 1574 616 1633 Quomodo
626 1585 676 1620 uon
702 1574 764 1621 tato.
779 1574 880 1622 iudicet
893 1575 925 1623 de
944 1574 1048 1623 alterius
1063 1585 1166 1631 errore,
1183 1573 1229 1632 qui

146 1645 303 1701 reeepomnt.
313 1645 385 1703 Audi,
395 1645 465 1691 lesus
475 1645 540 1691 salus
548 1644 594 1701 est,
605 1643 675 1689 lesus
700 1653 749 1689 non
760 1643 835 1690 habet
843 1644 908 1703 quod
923 1644 950 1691 in
960 1656 986 1691 se
998 1644 1052 1703 ipse
1062 1642 1209 1690 condemnet
1221 1655 1228 1686 r

146 1707 212 1757 filius
232 1711 338 1760 hominis
358 1713 511 1770 nuncupatus
526 1711 563 1758 est
578 1724 587 1756 r
605 1711 675 1758 Venit
698 1711 1229 1772 iudicetllla,qulnouapaleademquaeln
1279 1719 1282 1725 ·

145 1780 209 1825 enim
223 1782 298 1829 lilim
307 1782 407 1828 lmomia
418 1794 535 1841 quarere,
547 1781 570 1826 el
583 1779 673 1827 soleam
700 1780 748 1827 alio
756 1781 880 1840 putaverit
889 1781 1027 1841 punienda3
1037 1794 1069 1828 ne
1078 1780 1172 1828 oumde
1181 1780 1229 1826 alio

146 1846 222 1905 {aomo
233 1851 293 1909 quod
299 1851 402 1909 perierat
416 1863 425 1896 .·
440 1848 483 1895 sed
493 1845 572 1894 ludael
583 1845 674 1892 dimitti
698 1848 834 1906 indicatio
842 1862 868 1897 se
876 1850 940 1896 ierat
951 1850 1004 1909 ipse
1012 1849 1159 1897 seutentiam
1171 1861 1178 1892 r
1188 1848 1230 1906 ju·

145 1915 194 1962 sibi
205 1917 325 1964 latronem
335 1916 533 1976 postulaverunt,
541 1916 625 1961 lesum
636 1924 676 1960 re·
700 1916 767 1964 (ficet
782 1919 826 1964 ille
835 1919 878 1977 qui
890 1918 920 1964 ad
937 1918 1147 1978 pronuntiandum
1158 1918 1228 1963 nullo

146 1984 321 2042 pudiaveruui.
700 1986 770 2045 odio,
788 1989 856 2035 nulla
871 1987 1020 2046 oiiansione,
1037 1987 1107 2034 nulla
1126 1984 1229 2033 levitate

177 2052 216 2101 28·
228 2054 380 2111 oursaurom
392 2051 480 2112 estqui
491 2064 518 2100 so
532 2052 605 2110 lonae
616 2048 676 2096 oen
700 2057 812 2104 meatur.
823 2055 1229 2116 nurrsunouuqorujruexvorus

147 2134 162 2170 a
179 2123 298 2182 Domino,
307 2122 356 2170 nisi
368 2124 411 2184 qui
423 2135 472 2169 nou
482 2121 593 2181 exquirit
600 2118 675 2177 justi·
701 2125 726 2171 et
734 2125 815 2183 iustus
833 2126 929 2172 loeutus
940 2126 988 2173 sita
1001 2126 1176 2186 Nauportum,
1191 2125 1229 2170 ln·

146 2191 195 2238 tias
206 2191 273 2249 ejus?
289 2192 336 2249 Qui
354 2203 414 2239 rero
428 2189 538 2248 justitias
552 2188 674 2247 exquirit,
700 2195 820 2255 qult‚eqo
830 2208 891 2242 ome
901 2195 977 2254 farere
988 2194 1123 2255 quidquam.

146 2272 222 2321 prope
235 2261 285 2319 est,
297 2260 406 2308 adbaerot
420 2261 481 2306 Deo.
492 2258 521 2304 Et
536 2257 593 2303 ideo
602 2257 675 2314 iusti·
729 2262 768 2309 52.
784 2263 899 2309 Nonnulli
911 2261 1023 2309 haeretiei
1037 2261 1150 2308 solebant
1167 2251 1231 2307 irino¹

146 2332 194 2378 tias
209 2331 257 2378 bei
275 2330 441 2391 querentibus
457 2327 517 2376 dicit
529 2327 674 2386 Apostolus:
701 2328 781 2376 lacere
792 2328 1029 2390 quastiones‚quasi
1046 2328 1156 2374 infirmus
1165 2328 1230 2374 esset
1296 2361 1299 2372 .

149 2402 197 2450 Vas
207 2402 248 2461 qm'
257 2403 328 2448 aratu
342 2401 421 2459 louqe,
438 2400 496 2457 {aeli
510 2398 563 2444 erlis
570 2398 675 2456 proprio
700 2397 790 2456 lidus,
807 2397 850 2456 qul
869 2407 884 2441 a
901 2407 928 2442 se
949 2395 1014 2443 nihil
1031 2395 1137 2454 laceret,
1159 2395 1229 2455 quasi

146 2472 259 2530 sanquine
270 2470 364 2518 Christi.
377 2467 479 2525 Sanguis
486 2465 574 2512 Christi
579 2466 675 2523 iustitia
700 2466 833 2512 seeundum
840 2464 997 2512 divinitatem
1003 2477 1099 2524 quoque
1107 2464 1229 2521 subditus,

146 2539 194 2585 est.
211 2539 323 2597 Denique
344 2530 397 2597 ipsa
416 2536 452 2583 ait
466 2535 497 2581 ad
507 2534 648 2591 flabaonem
666 2545 674 2580 t
700 2535 725 2582 et
741 2536 843 2594 paterno
858 2535 984 2591 subjectus
994 2535 1099 2594 imperio
1111 2547 1118 2579 r
1129 2546 1176 2580 neo
1187 2533 1229 2580 ad-

146 2608 229 2654 Sine...
241 2619 283 2653 nos
293 2605 388 2665 implere
403 2616 495 2652 omnem
501 2603 628 2661 justiliam.
699 2605 799 2653 vertunt
806 2603 872 2666 quod
891 2605 937 2651 hoe
948 2617 1045 2665 quoque
1059 2603 1136 2663 magis
1146 2603 1227 2663 potes-

177 2673 216 2722 lb.
226 2674 341 2733 Sequitur
351 2684 437 2719 versus
447 2672 547 2730 quartus
557 2682 564 2713 ε
576 2672 675 2718 illisera-
699 2674 756 2722 tatis
771 2674 861 2721 divine
880 2674 962 2721 unitas
977 2673 1167 2733 comprobetur,
1183 2673 1227 2720 uiri

146 2745 219 2791 lionae
230 2746 275 2790 luoe
284 2743 363 2790 mallo
373 2742 453 2797 nimis,
463 2741 563 2788 mmine
575 2752 583 2786 .·
593 2753 674 2787 recau-
699 2742 786 2801 putant
796 2741 862 2789 inter
871 2740 968 2789 Patierin
979 2743 1005 2788 et
1015 2742 1105 2789 Filium
1114 2753 1167 2789 esse
1179 2739 1228 2786 dis-

145 2814 201 2859 dum
203 2814 317 2873 judicium
327 2815 393 2858 tuum
401 2811 540 2868 oimlieumo.
547 2808 597 2855 Etsi
603 2809 673 2867 longe
699 2809 799 2855 tantiam
814 2808 951 2866 potestatis.
969 2808 1037 2854 Nihil
1047 2820 1061 2854 a
1072 2820 1098 2854 se
1114 2807 1173 2853 lacit
1187 2807 1228 2851 Fi-

147 2883 209 2930 esta
221 2881 390 2943 peecatoribus
408 2881 488 2936 salus3
501 2880 585 2924 tamen
600 2891 674 2925 nemo
699 2876 761 2934 lius,
771 2877 830 2934 quia
837 2887 882 2933 per
891 2876 1012 2921 unitatem
1022 2875 1171 2934 operationis
1181 2886 1227 2921 nec

147 2946 675 3011 desperetquiamultaesuntmiserioordiae
699 2944 775 2989 Filius
785 2944 838 2989 sine
856 2944 927 2990 Patre
944 2942 1019 3000 lacit,
1030 2954 1077 2989 nee
1093 2943 1146 2989 sine
1165 2942 1229 2988 Filio

147 3020 256 3066 Domini.
268 3017 314 3075 Qui
323 3018 390 3063 enim
398 3028 442 3062 suo
450 3015 674 3074 peceatopereunt,
700 3011 778 3057 l‘nter.
794 3009 905 3069 Denique
915 3009 988 3057 Pater
998 3009 1059 3056 dicit
1069 3010 1100 3056 ad
1113 3009 1203 3056 Filium
1219 3022 1228 3056 r

147 3087 315 3135 misericordia
330 3083 428 3131 Domini
444 3082 590 3129 liberantur.
606 3085 675 3130 lllr'ae-
699 3080 823 3126 Faciamus
843 3078 959 3124 bominem
980 3079 1011 3125 od
1026 3079 1152 3138 imaqinem
1164 3081 1229 3128 etri-

147 3155 232 3211 rebor,
243 3153 323 3213 inquit
332 3184 340 3210 ,
350 3153 388 3198 erar·
403 3152 510 3197 miserim
523 3162 573 3195 ero.
592 3149 674 3195 l‘alam
699 3148 850 3194 militudinem
860 3147 979 3203 narbam,
992 3158 1146 3193 communem
1158 3145 1228 3194 adse-

147 3220 261 3280 apparuit
273 3231 323 3266 uon
336 3215 517 3277 quarentibus,
528 3215 676 3264 rooarltre·
699 3228 756 3262 rens
770 3214 939 3274 operationem
955 3226 1022 3272 esse,
1038 3214 1082 3261 ubl
1099 3226 1229 3262 commune

146 3289 278 3349 fugientes,
289 3284 443 3346 congregavit
454 3284 558 3343 ignaros,
569 3296 614 3342 pro
625 3296 674 3331 om-
700 3283 880 3331 oousillumest.
890 3282 954 3340 Quid
967 3282 1020 3330 sino
1028 3282 1154 3343 Sapientia
1160 3282 1227 3342 lacit,

147 3358 221 3406 uibus
240 3369 267 3404 se
287 3356 377 3403 obtulit
396 3352 511 3413 passioni.
537 3353 600 3400 lt'um
617 3365 675 3412 ergo
699 3351 1007 3412 quiomniaiuSapieutia
1019 3351 1227 3410 feeit,utloctum

147 3429 252 3475 multum
264 3422 416 3474 misericors?
426 3421 590 3470 Misericordia
607 3423 674 3470 eninr
700 3422 737 3468 est
748 3435 755 3466 r
768 3421 1013 3481 Omoiaiosoplemtr'o
1020 3419 1227 3482 fecistiibenlque

147 3495 255 3543 lrominis
270 3494 296 3541 in
312 3491 452 3553 proximum
468 3502 538 3538 suum
556 3504 563 3536 r
579 3491 676 3539 miseri·
698 3489 894 3550 Sapientiadirlt
906 3502 913 3534 a
926 3490 1228 3549 comarumcomarum

146 3565 229 3612 cordia
248 3563 344 3610 Domini
357 3562 384 3608 in
402 3571 500 3608 omnem
515 3571 630 3618 caruem3
647 3561 674 3608 nt
698 3560 737 3606 ille
745 3573 839 3608 erasm..
851 3571 892 3618 eqo
902 3571 967 3605 erarn
977 3559 1015 3605 oui
1026 3559 1187 3620 applaudebat.
1198 3559 1228 3607 rt

147 3633 226 3679 omnis
242 3641 298 3678 cero
309 3629 341 3676 ad
355 3629 486 3674 Dominum
501 3628 673 3687 adscenderet,
699 3627 851 3686 liranqelista
866 3625 902 3673 alt
913 3638 920 3671 a
932 3627 1017 3674 Omnia
1027 3629 1155 3688 peripsum
1163 3628 1227 3686 {acta

149 3701 191 3748 illa
200 3699 297 3748 Domini
306 3696 463 3745 miseratione
471 3696 567 3742 donata.
698 3698 761 3753 sunl,
772 3697 794 3742 rt
803 3697 852 3743 alar
862 3697 911 3755 ipro
921 3695 1009 3754 fortiam
1017 3698 1050 3743 est
1057 3696 1117 3743 nibil
1122 3711 1131 3756 ,-
1143 3697 1171 3742 ut
1182 3695 1227 3740 do·

178 3769 217 3816 50.
228 3768 275 3815 Sed
286 3779 343 3814 curn
352 3764 446 3812 dixerit
455 3765 545 3810 multas
559 3775 612 3811 esso
626 3764 675 3810 llo-
700 3763 769 3810 cerat
785 3774 836 3810 non
852 3763 929 3809 solum
948 3763 1101 3822 operatorem
1117 3762 1226 3809 omniurn

147 3838 209 3885 mini
220 3835 399 3893 miserationes,
410 3832 531 3893 quomodo
539 3832 675 3880 secundum
700 3831 802 3891 Filium,
818 3831 947 3879 sedetiam
959 3833 1067 3893 paternae
1078 3830 1227 3891 operationis

146 3905 240 3965 iudicia
260 3903 315 3961 eius
333 3902 453 3950 vivificari
473 3901 549 3960 petit3
565 3902 674 3948 maxime
700 3901 835 3948 consortem
850 3912 912 3948 esse.

149 3984 206 4020 curn
222 3971 281 4017 alibi
293 3971 345 4030 ipse
356 3970 422 4019 dicat
432 3984 438 4012 ε
450 3972 482 4016 lli
496 3982 544 4015 aori
564 3972 635 4017 inires
649 3971 675 4016 in
729 3970 768 4016 53.
778 3970 825 4028 Epo
832 3969 914 4017 tamen
922 3967 1035 4025 arbitror,
1042 3963 1226 4025 quodlricloous

147 4041 260 4102 iudicium
278 4052 330 4088 cum
342 4053 405 4089 same
421 4039 476 4087 luo?
494 4038 541 4086 Sed
554 4038 620 4085 aliud
637 4039 675 4086 est
700 4036 730 4085 ad
745 4036 832 4095 judieii
849 4035 951 4085 lormum
963 4035 1076 4084 videatur
1092 4045 1145 4143 {ssia
1160 4033 1227 4083 rele-
