2760 4794
424 463 456 507 m
471 456 628 508 asianum
644 455 754 510 cxviu
768 454 965 509 exeosrrro.
996 432 999 437 ¹
1194 464 1238 510 aas

146 545 225 603 tiam,
244 543 317 593 tidem
340 544 470 603 provehis,
489 539 682 592 miscricordiam
706 545 1077 605 scorpionemcalcamusenim
1088 540 1158 593 iilum
1169 547 1239 606 pedi-

147 624 263 671 cnronas,
275 611 344 670 impii
358 612 527 669 persecutores
535 611 683 659 meritorum
707 614 753 661 bus
759 614 1040 672 castitatis3contorimus
1046 615 1071 661 et
1077 615 1239 674 scorpionem,

143 679 259 741 -praemiis
268 677 473 738 propheticorum
484 676 636 735 judicentur.
707 694 738 729 ne
758 683 836 741 possit
854 682 973 729 excutere
992 693 998 727 ε
1017 682 1140 728 calcamus
1161 682 1240 728 conti-

180 749 275 795 armon
285 745 417 794 absurdum
425 747 500 794 etiam
508 747 582 806 illud,
589 749 617 795 ut
625 747 683 807 quia
707 752 798 799 nentiae
810 751 936 812 vestigiis,
946 750 1116 808 verecundiae,
1126 749 1241 808 iustiliae·

148 817 239 866 haeres
253 817 306 864 dies
321 817 347 863 et
362 815 436 875 pauci
452 821 510 863 smrt
523 817 596 863 istius
610 817 683 874 vitae,
708 832 757 878 que
768 819 898 878 gressibus
911 818 1040 866 Possumus
1051 830 1108 878 ergo
1121 818 1147 864 et
1157 817 1185 883 ‘lu
1196 819 1241 868 hac

148 883 684 943 uondiutiusgratiamsuamiteminnscirca
710 889 780 936 brevi
798 889 849 936 vita
866 888 1023 947 triumphum
1041 886 1072 934 de
1095 886 1242 936 adversariis

142 954 295 1013 ›Prophetaur
306 945 379 999 suum
394 952 496 1000 diflerat
507 966 514 999 ε
527 954 571 1000 sed
584 953 632 1013 ipsi
642 954 685 1011 iu-
703 957 802 1004 ⁴hahere
815 957 973 1017 perpetuum.

149 1022 244 1070 dicium
259 1022 290 1068 de
304 1021 512 1081 persequentibus
526 1020 608 1069 iaciat.
626 1023 684 1069 Nam
740 1026 778 1072 le.
790 1025 906 1084 Sequitm
918 1037 1005 1072 versus
1019 1022 1120 1083 quintus
1131 1036 1139 1070 ε
1150 1025 1243 1088 iterra-

149 1089 193 1138 hic
202 1102 300 1150 quoque
307 1089 430 1148 indicium
438 1091 475 1137 eet
483 1091 514 1136 de
522 1091 685 1149 persecutori:
709 1097 791 1142 emant
798 1095 857 1141 oniti
864 1095 944 1152 iniecti
953 1094 1139 1149 exercitationes,
1149 1095 1188 1140 sect
1195 1105 1243 1139 non

145 1157 390 1218 hns3siquidcmqui
400 1158 535 1205 noncredit
544 1158 570 1204 in
581 1158 684 1220 ernisto,
709 1163 768 1208 meat
778 1162 817 1209 lec
829 1159 886 1218 tan,
894 1164 1002 1209 nornine.
1016 1161 1082 1206 Beue
1094 1162 1162 1218 optat
1176 1159 1244 1218 tudi-

141 1224 202 1286 giam
211 1224 333 1283 iudicatus
343 1225 389 1272 est.
400 1224 525 1272 Iudicium
539 1226 623 1273 autem
639 1227 686 1272 hoc
711 1228 777 1275 cium
789 1229 837 1276 sihi
851 1229 905 1276 iteri
918 1228 948 1275 de
964 1227 1185 1288 persequentibus,
1200 1223 1244 1287 qui

131 1294 209 1354 ··est‚
220 1294 286 1354 quod
300 1294 369 1343 dedit
380 1294 488 1342 servulis
502 1295 686 1344 suisDominus
710 1308 760 1343 non
768 1298 847 1344 solum
855 1308 929 1355 opera
935 1294 996 1354 iusti
1007 1293 1137 1354 impedire,
1146 1307 1245 1342 rerum·

139 1354 225 1410 'iesus
241 1362 325 1410 dicens
338 1363 475 1411 rliahchitic
487 1365 624 1424 potestatem
639 1365 688 1412 cat·
712 1365 788 1411 etiam
803 1364 877 1423 fidem
893 1363 1018 1425 superflua
1031 1362 1170 1410 narratione
1186 1363 1245 1410 sub·

150 1433 225 1481 condi
235 1435 446 1494 reprimentes,
461 1435 483 1479 ct
500 1433 648 1492 scorpiones,
665 1436 688 1481 ct
711 1434 810 1481 vertere
826 1433 907 1481 curiati
923 1434 988 1480 sunt.
1006 1429 1104 1480 Etenim
1120 1433 1189 1493 quasi
1207 1432 1246 1480 ia·

148 1512 325 1560 enpcromacm
336 1501 444 1548 uirtutem
454 1501 589 1547 intromitti
600 1514 688 1548 verum
712 1502 775 1550 hulae
800 1503 927 1560 cuiusdam
947 1503 1042 1550 naenias
1067 1503 1176 1548 narratas
1197 1502 1246 1550 sihi

150 1567 290 1627 iudicium,
309 1567 335 1613 in
347 1578 396 1627 qno
410 1567 540 1626 torquetur
555 1567 687 1628 inimicus,
713 1571 773 1618 dicit
783 1567 908 1629 αδολεσχιαὲ
918 1602 925 1629 ,
936 1571 983 1617 hoc
994 1571 1048 1629 est,
1059 1569 1195 1629 superfluas
1210 1571 1246 1617 lo·

145 1635 220 1684 sicut
230 1635 283 1695 ipse
291 1635 414 1682 contessus
425 1637 464 1682 est
474 1634 575 1683 dicensc
588 1638 687 1698 Quia...
712 1641 857 1700 quacitates.
872 1637 1013 1687 Narraturus
1026 1639 1093 1686 enim
1109 1639 1245 1700 superllui,

147 1705 238 1752 menidi
248 1706 302 1751 onte
312 1707 402 1764 tempas
413 1705 593 1764 torqueremus?
713 1711 777 1757 sicut
795 1708 956 1767 hirundines,
973 1706 1147 1769 disputationis
1162 1709 1247 1756 suavi-

187 1771 225 1818 lo.
239 1772 290 1819 lioc
305 1783 362 1830 ergo
378 1772 490 1831 deposcit
504 1774 624 1822 virtutum
640 1775 689 1822 sta·
713 1778 788 1824 tatem
799 1777 889 1826 uativae
899 1775 1246 1835 loquacitatiscontinuatione

153 1837 377 1887 hititateiuudatus
385 1842 690 1901 Propheta,utsuhjicia-
714 1848 894 1907 corrumpunt,
915 1845 944 1892 ut
964 1844 1101 1892 Aristotelis
1121 1845 1246 1893 sententia

154 1910 200 1958 cur
209 1908 258 1956 sibi
273 1921 322 1955 non
333 1909 420 1969 homo,
432 1910 476 1957 sed
490 1910 533 1957 ille
548 1911 592 1971 qui
608 1911 690 1958 locum
715 1917 761 1964 est.

147 1976 206 2026 -sihi
225 1977 253 2024 iu
274 1977 376 2024 homino
401 1977 548 2026 vindicavit.
569 1979 639 2026 Unde
665 1982 691 2029 et
745 1983 784 2032 20.
797 1981 926 2042 Superius
939 1980 1246 2041 igiturloquiturhaereti-

156 2045 285 2106 Apostolus
296 2047 377 2105 ipsum
388 2048 465 2105 magis
477 2048 503 2093 in
513 2046 621 2095 hominis
631 2061 692 2108 pec·
715 2065 758 2100 cus
767 2052 827 2111 ,qui
844 2061 893 2099 non
902 2049 1018 2110 loquitur
1040 2050 1184 2110 veritatem,
1199 2063 1249 2099 non

158 2117 215 2164 cato
230 2116 327 2175 putavit
344 2129 397 2164 esse
414 2116 593 2176 damnandum,
606 2119 692 2177 ‘ipsum
717 2120 828 2180 loquitur
842 2119 978 2167 secundum
996 2120 1086 2177 legem.
1103 2119 1150 2176 Qui
1166 2120 1249 2166 autem

158 2184 359 2243 subjiciendum,
377 2183 408 2231 de
429 2197 478 2244 qno
497 2185 533 2232 ait
552 2198 559 2231 ε
581 2188 692 2234 conterat
716 2189 834 2236 fundatus
845 2189 871 2235 in
881 2190 936 2247 lege
945 2187 996 2246 est,
1008 2184 1079 2234 novit
1090 2199 1104 2233 a
1114 2187 1180 2234 veris
1190 2187 1250 2234 falsa

158 2256 342 2303 Dmeotonnm
352 2252 394 2302 mh
403 2254 646 2313 pedihnsocatrtscito.
656 2256 693 2300 Ex
717 2257 857 2304 discernere
873 2268 880 2302 ε
899 2254 1017 2314 spiritalis
1033 2255 1173 2303 eruditione
1192 2256 1250 2303 doc·

158 2321 207 2370 hoc
217 2333 274 2380 erqo
282 2321 440 2381 persecutore
447 2321 570 2380 judicium
580 2321 627 2369 sihi
639 2322 692 2370 lieri
717 2324 801 2383 trinas,
809 2323 925 2371 haeretica
936 2323 966 2369 ah
974 2322 1129 2381 Evangelicis
1138 2323 1251 2384 dogmata

159 2389 248 2450 gestit3
260 2390 288 2437 ut
298 2390 356 2436 iidei
367 2389 519 2450 propheticae
529 2388 641 2450 uestigiis
652 2390 693 2436 ad·
718 2404 840 2452 separare.
850 2393 955 2452 ideoque
964 2403 996 2438 ne
1003 2391 1076 2438 multi
1085 2391 1252 2451 decipiantur,
1318 2437 1323 2442 .

160 2457 694 2518 remaciusconteratur,etcomminuateum
716 2461 820 2520 tuhctur
840 2473 855 2508 a
875 2461 980 2507 Domino
1005 2459 1089 2506 tacere
1116 2460 1250 2521 peccator:

161 2527 208 2572 suh
218 2526 323 2584 pedihus
334 2527 385 2574 suis
395 2527 517 2586 Propheta
527 2526 592 2574 siem
606 2528 695 2587 pulve-
718 2531 841 2578 Pcccatori
859 2530 926 2577 enim
943 2530 1083 2578 distillent
1099 2544 1109 2576 .·
1127 2532 1205 2591 Qaarc
1225 2532 1252 2576 tn

151 2604 231 2642 ‘rems
243 2595 268 2642 et
278 2595 304 2641 in
314 2594 360 2642 hac
371 2595 480 2654 corporis
491 2595 529 2642 sui
539 2595 628 2644 militia
638 2608 694 2642 oon·
718 2609 818 2646 enarras
824 2599 929 2658 justitiae
941 2597 1024 2646 ancos?
1039 2597 1189 2646 Gonticescat
1205 2597 1253 2656 igi-

161 2662 693 2725 stitutus,quamrisdiesvttaehrevessint3
719 2668 761 2714 tur
777 2666 895 2727 pertidia,
917 2679 973 2726 quas
994 2666 1119 2714 tramitem
1137 2667 1252 2715 veritatis

162 2729 316 2790 triumphum
334 2732 416 2778 tamen
433 2731 464 2778 de
484 2732 624 2781 adversario
641 2733 695 2780 adl·
719 2738 804 2783 tenere
822 2748 872 2783 non
889 2735 972 2793 novit,
991 2748 1046 2794 quae
1065 2732 1111 2782 Dei
1129 2736 1252 2795 praecepta

163 2799 281 2859 piscatur,
291 2813 340 2860 quo
351 2800 477 2848 reformati
492 2801 599 2849 hominis
611 2803 637 2848 in
651 2815 695 2850 ve·
719 2813 768 2851 non
779 2806 869 2852 sertui.
881 2805 927 2852 Cur
939 2803 1008 2852 enim
1023 2811 1069 2863 per
1083 2816 1110 2850 os
1124 2816 1196 2851 suum
1209 2804 1254 2850 ad-

163 2868 243 2915 terem
258 2870 375 2929 gratiam,
386 2881 461 2927 quem
477 2872 534 2916 ante
550 2869 696 2915 delictorum
721 2873 820 2918 sumunt
833 2876 974 2930 peccatores
984 2871 1146 2930 Evangelium
1160 2872 1254 2919 verita·

154 2936 271 2984 *vinculis
279 2936 571 2993 tenchatadstrictum,et
579 2936 697 2984 ferventis
721 2939 769 2996 tis,
789 2939 934 2997 inquorum
956 2951 999 2985 ore
1017 2939 1110 2986 raritas
1129 2951 1179 2985 non
1197 2937 1254 2986 estt

164 3003 276 3053 libidinis
290 3004 396 3050 lassabat
413 3006 489 3060 aestu,
502 3003 644 3050 libertatem
658 3003 698 3050 in·
722 3005 810 3052 Omnia
828 3005 915 3051 eutem'
930 3006 1053 3064 praecepta
1064 3006 1123 3052 'Dei
1142 3005 1254 3065 veritas,

164 3073 300 3131 qemiscat,
315 3072 462 3129 potestatem
480 3071 579 3117 sentiat.
595 3072 699 3129 subice·
723 3073 831 3119 christus
850 3073 933 3118 autem
951 3072 1051 3119 veritas.
1072 3072 1126 3118 Non
1142 3085 1199 3131 ergo
1218 3074 1256 3121 est

164 3143 207 3188 tus
229 3139 267 3185 est
288 3140 366 3197 igitur
388 3138 542 3186 adversarius
564 3139 699 3186 secundum
723 3139 832 3186 Christus
842 3140 869 3185 in
879 3138 1087 3198 disputationibus
1097 3140 1257 3200 perfidorum,

134 3216 138 3220 '
165 3207 267 3256 Domini
287 3207 444 3254 sententiam.
464 3207 560 3253 Etenim
582 3208 700 3254 Dominus
724 3207 767 3265 qui
786 3207 847 3254 dicit
862 3206 955 3265 perfido
972 3219 979 3253 r
997 3207 1028 3254 Oa
1046 3208 1112 3254 tuam
1129 3206 1257 3256 abundavit

165 3276 350 3324 desueveuiens
357 3275 383 3321 in
392 3275 457 3323 hunc
465 3276 584 3323 mundum
594 3276 700 3336 pervir-
724 3277 836 3334 nequitia,
844 3277 866 3321 cl
873 3275 954 3334 linquo
963 3275 1004 3321 toa
1014 3275 1160 3322 anancaeo
1167 3276 1257 3337 deluam

167 3345 232 3405 ginis
253 3346 350 3404 partum
370 3344 479 3403 subjecit
499 3343 587 3392 animae
611 3346 700 3393 nostre
725 3343 807 3402 lingua
821 3343 888 3390 enim
903 3352 959 3401 quas
974 3341 1028 3388 vult
1044 3341 1171 3391 adstruere
1185 3356 1256 3390 meu-

168 3425 253 3460 omnes
261 3412 392 3460 contrarias
400 3414 583 3474 potestates3ut
590 3414 639 3462 tide
647 3416 699 3474 tua,
724 3409 933 3468 (111ῦὶ11111,ᾱοί11111
945 3408 1033 3468 11ῒί11116
1049 3410 1127 3458 nectit
1142 3410 1255 3461 adscitis.

168 3483 311 3540 verbotuo,
325 3483 509 3530 conversatione
524 3484 582 3543 tua,
599 3485 624 3532 et
640 3496 701 3543 ope·
724 3480 773 3528 Sed
782 3478 922 3537 huiusmodi
933 3478 1026 3537 iurest,
1035 3479 1060 3525 et
1070 3491 1125 3525 cum
1134 3478 1188 3527 iure
1200 3493 1257 3529 con·

134 3547 138 3553 '
169 3551 240 3598 rihus
250 3551 415 3598 conterantur.
427 3551 453 3597 Si
463 3563 520 3610 ergo
530 3563 580 3598 nou
594 3551 701 3599 conteris
725 3560 834 3598 currens.
852 3548 923 3595 Multi
945 3547 1013 3595 enim
1032 3547 1101 3595 iures
1120 3550 1194 3612 sunt,
1213 3551 1257 3611 qui
1290 3552 1293 3559 '

170 3618 351 3676 adversarium,
368 3620 411 3665 tua
426 3619 498 3679 culpa
514 3620 568 3679 est,
586 3621 630 3679 qul
643 3632 701 3680 per·
724 3619 830 3667 verbum
850 3616 897 3664 Dei
912 3627 962 3664 nou
981 3617 1012 3663 ad
1031 3617 1166 3665 utilitatem
1186 3632 1256 3666 suam

160 3686 244 3734 missa
252 3699 300 3734 non
311 3685 388 3733 uteris
400 3686 531 3746 potestate.
542 3687 570 3733 lu
581 3687 652 3734 nohis
664 3688 702 3735 est
726 3684 840 3732 iurantur
850 3684 875 3732 et
889 3685 1002 3744 rapiunt,
1021 3685 1064 3733 sed
1081 3684 1112 3732 ad
1128 3685 1256 3734 fraudem:

171 3755 256 3814 igitur,
270 3755 299 3802 ut
315 3756 360 3803 aut
374 3755 520 3812 subjiciatur
534 3755 701 3816 adversarius,
727 3755 753 3801 et
772 3753 952 3812 patrimonium
973 3753 1096 3812 quoddam
1120 3755 1258 3801 coelestium

171 3824 216 3870 aut
228 3823 339 3871 resultet,
351 3823 377 3870 Si
389 3823 456 3870 euim
470 3825 540 3871 actus
556 3826 639 3871 noster
652 3824 701 3871 dis-
727 3821 904 3882 scripturarum
919 3821 945 3869 in
956 3834 999 3870 sua
1015 3821 1080 3870 iurta
1093 3819 1257 3880 detorquent,

170 3892 277 3953 plicent,
287 3892 376 3952 incipit
385 3891 540 3941 adversarius
553 3892 702 3952 superbire,
728 3890 866 3938 adulterina
880 3890 929 3938 sihi
944 3891 1089 3953 compendia
1101 3888 1257 3948 colligentes,

172 3959 195 4009 ei
209 3961 292 4007 autem
305 3960 376 4007 honis
390 3961 554 4008 inhaereamus
568 3960 702 4020 operibus,
728 3959 783 4007 dolo
793 3958 870 4018 magis
883 3971 958 4020 quam
971 3958 1076 4007 veritate
1087 3955 1197 4017 quaesita.
1209 3956 1259 4004 Sed

173 4041 336 4077 exerceamus
346 4029 426 4077 studia
436 4028 567 4088 castitatis,
583 4029 703 4089 jussae,
728 4027 755 4075 hi
766 4029 825 4076 sunt
834 4027 878 4088 qut
889 4026 995 4076 miscent
1005 4038 1094 4086 aquam
1106 4024 1180 4084 vino,
1196 4024 1258 4071 tum-

174 4095 350 4159 contineutiae,
367 4098 488 4147 calcamus
505 4097 659 4160 serpentem,
679 4096 705 4151 et
729 4109 802 4161 quarn
820 4108 944 4173 caupones
958 4092 1077 4158 pessimi,
1093 4093 1261 4146 adulterantes
