2760 4794
298 523 483 569 disposicio
497 523 530 567 iii
549 520 797 576 strennuitatis
815 524 971 572 TERTIUS.
1131 521 1177 570 iis

94 605 117 652 ei
128 603 237 653 tirrenum
253 607 367 668 gudoni
381 610 429 656 dies
438 603 497 654 coeii.
508 607 562 653 iton
572 604 623 652 uti·
649 617 706 652 cum
724 605 821 656 ,viritim
848 606 1020 666 generationes
1046 605 1175 655 duodecies
1275 651 1279 656 ,

94 685 143 730 que
155 673 220 720 huuc
231 674 347 722 thronum
357 676 471 722 Salomon
485 674 564 733 sedit,
574 685 623 719 non
648 672 930 734 computentur‚'pottea
939 672 1125 735 quatuordeeim
1133 685 1177 735 gs·

94 738 215 802 Roboam,
224 753 274 789 non
283 743 421 790 lechonias.
432 742 475 788 Vis
489 741 552 789 scire
568 741 623 801 quis
647 740 1176 803 nerationesdescriptasessememoraverit.

94 808 200 857 sederit?
210 810 300 858 iiiecst
308 811 338 858 de
348 822 397 870 quo
407 808 469 857 dicit
476 809 583 868 Angelus
592 808 623 854 ad
648 807 687 855 Sic
696 809 763 855 enim
771 809 865 857 babes:
877 811 961 859 Omnes
970 813 1136 872 gmeroboaes,
1145 810 1177 859 ab

93 874 623 938 Mariamsiiceeeoncipiesicutero,eipsrtes
647 877 770 926 Abraham
787 892 859 940 usgue
878 883 909 927 od
923 883 999 929 David
1018 882 1178 942 gmcrotiom

91 943 179 1003 fitium,
188 950 210 994 et
220 947 313 994 vocabis
324 959 410 993 cosnec
419 945 469 1004 ejus
478 948 565 994 iesum.
579 947 623 993 iiic
647 951 820 1008 quatuordecim
828 964 836 998 .·
844 953 867 999 et
876 952 976 999 obeoid
983 952 1177 1010 emendaram·

92 1014 622 1074 missamissa,eifiiiusAitissimivoccbiiur:
647 1019 810 1077 migrationem
846 1019 989 1077 Babylonis,
1019 1020 1178 1078 ommatium

92 1084 115 1129 et
132 1083 197 1130 dubit
211 1084 245 1130 itti
262 1084 378 1131 Dominus
387 1085 451 1130 Deus
464 1084 540 1130 oedem
548 1084 622 1130 David
647 1087 821 1144 quatuordecim
833 1100 842 1133 .·
855 1089 876 1133 et
884 1101 901 1133 a
911 1087 1115 1146 tremrnigraiionc
1126 1088 1177 1132 Bo-

91 1152 224 1209 patrissui,
238 1154 259 1198 et
271 1151 377 1210 repectit
391 1153 417 1197 ia
428 1153 496 1198 domo
506 1150 578 1197 Jacob
595 1151 622 1196 is
648 1154 736 1213 byionis
746 1164 818 1214 usque
837 1156 868 1203 ad
886 1157 1005 1204 christum
1019 1155 1177 1214 generationes

93 1221 222 1277 eternum,
235 1223 257 1267 ct
274 1222 341 1280 regni
355 1220 460 1279 ejuscon
471 1220 515 1266 erit
524 1219 587 1276 tinia.
596 1217 621 1264 Si
647 1225 831 1281 quatuordecim.
850 1223 880 1270 st
889 1223 996 1283 primum
1013 1221 1108 1282 oportet
1118 1231 1178 1279 cog·

94 1286 241 1344 Angeionon
252 1288 344 1346 eredis,
356 1288 402 1347 ipsi
419 1288 506 1334 saitem
517 1287 622 1347 Domino
647 1292 835 1350 noscere,quod
847 1292 903 1339 ante
911 1292 961 1349 jam
973 1291 1095 1347 diximus,
1105 1299 1176 1348 posse

93 1357 167 1405 crede
184 1357 297 1404 dicenti:
311 1360 348 1405 Tu
362 1359 431 1415 dieis,
448 1359 504 1418 quio
518 1371 560 1416 ego
570 1370 622 1404 sum
646 1357 731 1416 piures
746 1371 800 1406 esse
816 1358 996 1417 successiones,
1010 1357 1035 1404 et
1046 1357 1177 1417 pauciores

92 1440 145 1472 rex.
155 1426 277 1485 Numquid
288 1439 344 1484 ergo
354 1427 380 1472 et
389 1426 441 1485 ipse
450 1426 567 1473 mentitus
575 1428 621 1483 est,
646 1426 826 1485 generationes.
837 1428 940 1475 Possunt
951 1427 1016 1482 enim
1028 1425 1122 1472 diutius
1138 1425 1177 1471 vi·

92 1495 150 1552 quia
160 1493 262 1553 regnare
273 1507 299 1542 se
308 1495 438 1554 dixit‚qui
448 1506 498 1541 nou
508 1494 623 1553 regnavit
647 1507 706 1541 rere
727 1497 819 1556 aliqui,
840 1496 866 1544 et
883 1497 963 1545 serius
981 1506 1115 1554 generare,
1133 1495 1176 1540 aut

92 1560 118 1606 in
129 1559 217 1608 terris?
225 1560 349 1620 Quomodo
361 1562 485 1621 Scriptura
499 1562 621 1622 solvitur,
646 1562 1103 1625 certepenitusexsortesgenerationis
1111 1561 1178 1608 exis·

91 1641 145 1688 quae
158 1643 260 1689 regnare
271 1643 328 1678 eum
337 1631 410 1690 dicit,
422 1631 448 1678 et
458 1641 562 1690 regnare
572 1642 620 1677 non
646 1632 708 1679 tere.
720 1632 923 1694 itaquenonquae
932 1645 1028 1693 rogum,
1038 1631 1124 1678 eadem
1132 1643 1174 1689 ge·

90 1697 209 1746 adstruit?
606 1699 609 1706 '
645 1700 799 1747 nerationum
808 1701 1003 1761 tempora.Unde
1012 1699 1039 1747 et
1047 1699 1177 1747 Matthaeus

129 1764 168 1814 tt.
190 1767 216 1812 in
235 1767 366 1826 abruptum
384 1766 555 1827 disputationis
574 1779 620 1814 ve·
645 1779 686 1813 eos
697 1781 757 1828 qnos
768 1769 798 1815 ad
812 1769 996 1827 generationem
1010 1780 1059 1815 non
1077 1767 1177 1827 putarit

91 1835 187 1894 nimus,
205 1836 328 1882 haeremus
339 1835 366 1880 in
385 1833 460 1893 uado,>
478 1834 620 1893 etquodam
645 1832 1175 1894 pertinere‚praetoriit.itamsipropositum

92 1903 204 1951 veritatis
215 1902 341 1960 naufragio
355 1899 511 1948 fluctuamus.
522 1902 620 1947 Eicite-
646 1903 711 1948 esset
724 1903 748 1947 ei
758 1903 924 1950 successiones
936 1903 1089 1959 describere,
1100 1901 1176 1948 ratio·
1268 1933 1270 1936 ψ

92 1985 146 2021 mus
155 1973 231 2033 igitur
240 1972 377 2029 Christum,
388 1971 469 2030 ipsum
485 1970 622 2030 interrege·
646 1970 764 2017 naisiiiter
770 1982 939 2028 moveremur,
951 1982 1062 2016 curcum
1073 1971 1100 2016 in
1110 1971 1176 2029 lieg-

84 2055 162 2100 vmus,
182 2042 234 2102 ipse
262 2039 418 2098 respondeat.
440 2039 621 2098 interrogemus
646 2049 733 2085 norum
752 2039 822 2086 iibris
841 2039 866 2086 et
884 2037 1074 2098 Paralipomenis
1088 2049 1177 2085 conve·

90 2109 234 2169 Scripturas.
246 2108 389 2155 invenimus
398 2107 456 2166 quia
464 2119 565 2168 regnum
573 2108 621 2154 Do-
645 2105 712 2166 niet,
722 2106 786 2166 quod
797 2107 850 2165 post
866 2107 947 2153 doram
961 2106 1077 2153 ochozias
1088 2118 1176 2164 regna-

91 2179 153 2225 mini
163 2191 211 2226 non
222 2179 259 2224 est
269 2178 299 2223 de
310 2177 357 2223 hoc
368 2176 472 2235 mundo;
484 2176 537 2236 ipse
554 2176 621 2223 enim
645 2175 726 2235 verit,
746 2175 772 2222 et
782 2176 881 2234 dodam,
893 2175 918 2222 et
936 2174 1044 2223 Amasias
1056 2174 1176 2222 :Amasim

91 2246 279 2306 dixitzflegnum
285 2245 489 2292 meumnocestde
500 2245 621 2292 irocneun-
646 2244 729 2290 autem
745 2245 891 2292 successerit
904 2243 989 2302 Ozias3
1001 2244 1098 2291 mucius
1114 2244 1176 2291 biat-

90 2318 129 2364 do.
140 2316 188 2374 Qui
206 2316 269 2362 dicit
281 2327 331 2362 non
346 2326 400 2362 esse
417 2313 449 2360 de
466 2313 512 2361 boe
528 2313 620 2360 mundo
646 2313 723 2360 thaeus
735 2315 784 2361 tres
790 2313 845 2361 iilos
854 2326 924 2373 reges
930 2312 1176 2372 praeterierit,0cbo·

90 2397 192 2445 regnum
200 2397 270 2431 suum
278 2382 459 2442 ‚ostenditesse
466 2394 539 2443 supra
549 2395 620 2430 mun·
645 2382 838 2441 ziam‚Jodamet
849 2383 984 2442 amasiam,
995 2382 1083 2442 etpost
1092 2383 1174 2431 iorem

91 2453 157 2502 dum.
169 2455 205 2501 ita
221 2455 247 2500 et
264 2454 317 2500 erat
332 2463 438 2511 regnum
453 2451 520 2510 cius,
531 2453 556 2500 et
570 2464 620 2498 non
644 2450 760 2510 losephat
779 2449 921 2508 subjecerit.
942 2450 991 2497 Sed
1010 2461 1060 2497 non
1075 2462 1133 2497 eum
1147 2450 1181 2497 inv

90 2522 162 2570 erata
177 2534 225 2569 non
241 2521 294 2568 erat
310 2521 336 2567 in
352 2521 457 2579 saeculo,
475 2522 527 2570 erat
547 2534 619 2581 supra
645 2533 730 2579 regum
738 2520 904 2579 successione,
915 2519 959 2566 sed
976 2520 1004 2566 in
1015 2519 1175 2580 generatione

89 2592 217 2638 saeculum.
226 2591 283 2637 Erat
294 2601 350 2649 ergo
368 2601 471 2648 regnum
483 2589 551 2636 aiind
566 2590 619 2638 veri
644 2589 758 2649 subjecit.
770 2586 881 2650 Denique
892 2589 1078 2648 generationum
1086 2589 1175 2636 relato·

90 2659 183 2718 David,
192 2659 256 2719 quod
267 2658 333 2706 seius
346 2657 457 2709 ,Christus
468 2658 563 2719 accepit
574 2674 581 2704 a
594 2659 619 2705 et
644 2671 729 2707 remse
741 2658 816 2706 inisse
828 2657 974 2706 memoravit
983 2658 1078 2717 :potuit
1089 2658 1173 2705 antem

90 2727 144 2773 erat
153 2739 238 2773 semen
248 2725 316 2772 aiiud
326 2724 405 2771 David
414 2756 422 2782 ‚
432 2723 498 2784 qnod
510 2726 534 2771 in
546 2725 619 2772 aeter·
644 2728 696 2774 fieri
708 2729 735 2776 nt
754 2729 780 2776 et
789 2725 871 2775 doram
887 2727 979 2774 tardius
995 2726 1152 2786 generaverit
1163 2725 1174 2771 i

89 2807 164 2854 num,
176 2795 263 2854 dequo
274 2795 338 2841 solus
348 2793 480 2852 generatus
490 2795 528 2841 est
537 2795 618 2840 dbris-
643 2796 669 2841 et
679 2795 794 2854 iosaphat
808 2795 887 2841 serius
901 2795 1044 2854 perceperit
1055 2805 1173 2852 regnum3

89 2864 142 2923 tus,
150 2863 193 2924 qui
205 2865 270 2910 solus
280 2874 354 2911 verus
365 2861 431 2906 iilius
445 2861 537 2919 David,
549 2862 619 2918 cujus
643 2863 716 2920 atque
729 2863 851 2909 italorum
859 2862 923 2920 patri
934 2875 992 2919 suo,
1004 2861 1043 2908 cui
1056 2861 1082 2906 in
1091 2862 1174 2920 potes-

90 2933 166 2980 etiam
176 2933 340 2978 solusnomen
351 2928 459 2986 accepit,
470 2928 543 2986 juxta
554 2929 619 2988 quod
643 2928 718 2975 tatem
738 2941 786 2975 non
811 2927 943 2987 successit,
962 2928 989 2974 in
1013 2927 1173 2987 generatione
1268 2966 1269 2970 ,
1290 2963 1293 2968 .

87 2998 524 3061 scriptumestrinveniiiavidseroum
532 3011 618 3055 menan,
643 2996 795 3043 successerit.
1224 3039 1228 3046 ,

89 3072 254 3119 inoteosaccto
264 3065 618 3126 moouncieum.Quodutique
671 3063 711 3111 td.
727 3063 796 3123 Quod
807 3075 864 3112 vero
880 3063 935 3122 post
952 3061 1096 3110 Jechoniam
1112 3063 1173 3112 duo·

88 3135 177 3188 nonde
188 3137 307 3199 propheta
316 3134 409 3192 David,
419 3134 462 3182 sed
472 3135 503 3181 de
514 3134 618 3182 Domino
643 3131 722 3179 decim
731 3131 903 3192 generationes
909 3143 1066 3180 enumerasse
1074 3130 1175 3180 videtur

89 3208 138 3255 dici
150 3207 274 3268 premissa
289 3204 428 3262 declarant3
447 3203 565 3263 scriptum
581 3204 618 3250 est
643 3202 809 3260 Evangciista,
819 3201 840 3247 si
851 3201 982 3261 diiigenter
993 3201 1118 3259 advertas,
1130 3200 1173 3248 bic

89 3277 158 3325 enirn
170 3291 176 3322 ι
190 3277 262 3324 Posui
269 3274 412 3333 adjutoriam
419 3286 487 3333 super
493 3275 617 3332 potentem,
642 3282 739 3331 quoque
745 3271 930 3331 quatuordecim
936 3269 1122 3330 generationum
1128 3282 1173 3329 po-

88 3346 224 3395 circuitam
237 3345 332 3391 eiectum
343 3344 370 3389 de
379 3344 465 3403 popuio
474 3356 535 3388 meo.
548 3343 619 3389 Solus
643 3338 1179 3387 terisinvenirerationcnr.l)uodscimenirn*¹

90 3416 156 3463 enim
167 3414 265 3474 potens,
276 3412 342 3458 solus
351 3411 490 3458 eiectusest
498 3411 616 3457 Christus.
643 3420 720 3468 nsque
730 3408 761 3455 ad
771 3408 861 3467 ioseph
869 3405 871 3408 ’
879 3408 1055 3466 numerantur,
1070 3418 1120 3453 non
1131 3419 1160 3454 us
1175 3427 1178 3443 ·

89 3485 231 3532 Sanctorum
243 3481 309 3528 enim
317 3479 429 3536 majusin
438 3479 498 3539 tide,
507 3491 580 3539 qnam
590 3481 617 3526 in
642 3490 689 3535 que
701 3477 732 3523 ad
746 3477 876 3524 Christum.
892 3476 989 3523 Tertius
1006 3475 1123 3523 decimus
1133 3482 1172 3524 est

89 3552 246 3613 generatione
254 3560 338 3596 semen
349 3549 394 3595 est.
406 3550 435 3594 Ei
449 3548 506 3596 ideo
516 3547 618 3607 aposto·
642 3546 759 3595 cbristus.
769 3546 817 3593 Sed
827 3546 890 3591 niirii
901 3544 1068 3593 retortutmm
1075 3547 1101 3592 in
1110 3545 1172 3592 dna-

89 3622 127 3668 lus
139 3635 146 3666 s
159 3622 185 3669 Si
195 3620 257 3667 caim
267 3619 308 3678 qui
315 3630 345 3664 cc
353 3617 473 3674 scierunt,
484 3615 617 3675 irifiiiisunt
642 3617 688 3662 bus
697 3613 911 3673 generationibus,
924 3625 955 3660 an
969 3613 996 3661 in
1006 3626 1055 3660 una
1070 3612 1172 3660 menda·

88 3690 200 3739 Abraboe.
643 3684 707 3730 cium
718 3682 759 3730 sit.
771 3683 863 3728 'l'amen
873 3693 905 3728 ne
915 3682 957 3729 bic
967 3682 1067 3742 quidem
1078 3693 1171 3728 caecum

120 3754 158 3802 tit.
169 3755 233 3803 iliud
248 3765 345 3815 quoque
360 3764 410 3801 non
427 3751 618 3812 pretermisim-
642 3752 748 3812 aliquem
759 3751 886 3810 scopqum
901 3751 943 3798 aut
961 3749 1114 3809 naufragium
1132 3749 1172 3797 in-

90 3825 149 3870 dum
157 3820 458 3882 putamns‚quodai)avid
466 3819 618 3879 temporibus
642 3822 727 3868 venias
735 3818 1055 3876 veritatisiiuosioaehim,
1064 3819 1169 3877 hocest,

91 3904 166 3951 usqne
177 3893 206 3938 ad
214 3891 371 3950 decisoriam,
382 3890 427 3937 boc
438 3889 491 3948 est,
501 3900 577 3949 usque
587 3888 619 3935 ad
643 3891 703 3938 duos
712 3889 842 3937 lechonias
855 3890 930 3936 inisse
941 3886 1045 3933 historia
1057 3887 1168 3935 indicat:

91 3960 273 4019 captivitatem,
289 3971 345 4006 cum
367 3959 454 4006 decem
476 3959 502 4004 et
522 3958 617 4016 septem
643 3971 721 4006 unum
732 3958 790 4007 unte
802 3955 1054 4014 transmigrationem,
1065 3956 1170 4003 aiterum

91 4028 183 4076 inerint
194 4029 357 4089 regesiudaeae
366 4061 374 4086 ,
382 4027 568 4088 quatuordeeim
577 4032 619 4087 ge·
642 4027 668 4074 in
678 4028 731 4088 ipsa
748 4023 960 4084 transmigratione
976 4022 1132 4082 generatum,
1143 4023 1177 4070 id·

91 4097 230 4145 nerationes
239 4097 336 4144 sanctus
346 4092 475 4144 iiattbaeus
487 4095 616 4157 posuerit:
643 4097 692 4157 est,
702 4098 798 4158 patrem
810 4095 836 4142 ct
845 4093 932 4139 iiiium.
946 4092 1008 4150 Ergo
1018 4091 1088 4149 pater
1105 4089 1171 4137 inter

91 4167 116 4218 ct
127 4177 209 4214 rursus
219 4162 250 4214 ab
260 4165 377 4215 iecironia
388 4167 467 4226 usqne
483 4165 514 4213 ad
526 4165 617 4228 iosepb
641 4163 811 4226 generationes
816 4158 955 4222 superiores
962 4157 1003 4207 est
1008 4157 1173 4220 conputatur,
