2760 4794
246 459 294 510 {08
640 462 761 508 senoni
776 462 939 508 nmeuosll

244 542 358 603 tebatur,
386 541 445 591 eta
467 541 530 592 facie
555 541 705 604 insipientia
724 558 774 592 suae
801 545 862 593 tiam
877 538 1329 603 detondeaeigaudeamuslnpe'

243 610 424 670 computruisse
454 612 501 660 sibi
520 611 647 661 cicatrices
664 614 774 673 proprias
798 614 908 660 sionibus
924 612 1026 671 nostrls3
1041 611 1109 659 elcut
1120 611 1153 659 et
1163 610 1329 670 Chritus*

244 679 397 738 loquebatur.
414 680 462 729 Sed
478 681 551 728 estet
566 681 709 740 insipientia
720 695 774 741 qua.
799 684 872 732 debat
892 683 919 730 tn
942 681 1099 742 passionibus
1123 681 1195 730 suls.
1219 681 1283 740 Quas
1297 679 1329 728 tlt

243 758 289 806 per
302 746 434 794 stultitiam
450 748 631 806 praedicationis
649 749 775 796 credenti-
799 752 951 813 suscipiebat
964 763 1007 811 pro
1018 750 1131 799 servulis
1143 750 1217 810 suls,
1229 763 1273 799 noo
1285 748 1330 799 sut·

243 817 290 865 bus
301 820 405 866 salutem
417 818 519 868 adierat.
537 820 638 877 Refugit
649 832 706 878 ergo
716 822 776 867 Pro-
800 835 883 870 eamus
897 835 942 882 pro
957 820 1071 868 Domino.
1086 821 1138 868 llic
1157 831 1224 881 ergo
1240 818 1330 869 auco

243 885 318 944 pheta
324 887 526 946 Evangellcojam
532 888 620 946 spiritu
626 888 775 946 sapientiam
800 890 953 949 adimpleam,
969 887 1066 949 inquit,
1081 901 1140 949 puoe
1152 887 1330 937 densim

243 953 316 1001 letius
324 955 473 1015 mundi,qua
478 968 527 1003 non
536 956 689 1015 cognoscitur
695 957 773 1003 Deus:
800 961 891 1007 tionum
902 958 989 1006 direti
1000 959 1025 1004 in
1035 970 1110 1004 corne
1119 970 1185 1005 meo
1193 970 1242 1019 pro
1252 966 1330 1017 om

243 1033 300 1080 quae
311 1023 374 1082 tegit
390 1036 434 1071 sua
443 1025 561 1083 vulnera,
570 1035 621 1070 non
633 1024 730 1071 revelat
744 1023 776 1069 ad
800 1027 862 1085 ejice,
874 1038 925 1085 oue
936 1029 970 1073 eat
980 1025 1101 1081 Ecclesia,
1111 1025 1190 1084 cuiue
1204 1038 1260 1074 men
1270 1024 1330 1083 teet!

243 1089 388 1140 Dominum.
411 1093 498 1139 Melior
516 1092 592 1152 igitur
615 1092 774 1152 insipientia,
801 1091 1330 1152 attentator.videmusquidnobisausciplen·

242 1173 299 1221 quae
310 1162 395 1210 oculos
405 1161 518 1209 babetut
531 1161 612 1209 videat
628 1162 712 1208 ulcera
723 1173 775 1220 sua,
801 1164 859 1210 dum
875 1161 920 1220 sit,
936 1161 980 1222 quii
998 1159 1178 1208 ministerium
1193 1161 1331 1210 sacerdolali

243 1242 318 1290 quam
328 1232 451 1292 sapientia
461 1244 515 1292 quae
525 1243 575 1279 non
584 1231 668 1278 babet.
680 1233 709 1278 Et
719 1231 776 1278 ideo
800 1231 969 1290 suscepimus3
983 1230 1075 1277 utnon
1088 1231 1180 1276 solum
1198 1243 1247 1291 pro
1261 1229 1330 1291 nobis,

243 1298 394 1359 insipientiae
406 1313 456 1348 suae
474 1300 561 1348 obtutu
573 1299 711 1346 admonitus
726 1300 776 1358 spi·
801 1300 841 1347 sed
854 1300 928 1347 etiam
937 1298 1330 1358 proEccleoiaDominlsuotim

243 1367 311 1415 ritali
329 1371 483 1428 temnerent,
495 1369 653 1416 afflictumse
669 1368 776 1414 miseriis
802 1368 896 1416 iortiter
914 1367 1040 1428 passiones
1055 1366 1178 1426 corporis
1200 1366 1329 1415 debean

246 1438 409 1495 protestatnr;
422 1438 450 1483 ut
460 1436 597 1483 remedium
607 1436 685 1494 possit
695 1436 776 1495 poeni-
800 1438 881 1487 David
898 1439 983 1488 autem
1002 1433 1101 1485 addidit
1123 1435 1154 1485 et
1177 1437 1273 1486 anima
1287 1447 1330 1499 pie·

242 1505 328 1552 tentiae
338 1505 447 1563 reperire
458 1537 465 1563 ‚
476 1504 540 1564 quod
551 1502 625 1550 ludas
635 1504 677 1562 qui
692 1517 775 1562 aprum
801 1506 890 1554 siones.

243 1573 275 1620 de
294 1572 432 1632 iniquitatis
445 1572 560 1620 mercede
568 1572 692 1632 possedit,
703 1586 776 1633 repe·
830 1578 868 1624 33.
877 1574 987 1635 lienique
995 1573 1112 1634 ipseaita
1125 1574 1332 1636 omniomnis·

244 1641 294 1688 rire
306 1652 354 1687 non
366 1641 456 1699 potuit.
800 1660 853 1693 mea
863 1645 976 1705 completo
986 1646 1020 1691 eat
1034 1642 1191 1691 allusionibus
1204 1657 1213 1691 ε
1225 1645 1249 1691 ct
1257 1642 1332 1690 nond

274 1709 314 1755 32.
326 1710 425 1756 Miseriis
431 1741 440 1766 ,
451 1707 546 1768 inquit,
557 1710 673 1770 afflictus,
684 1714 706 1758 et
721 1725 777 1758 cae
800 1717 891 1762 sontica
901 1716 926 1760 in
941 1725 1081 1760 contemto.
1099 1713 1254 1761 lucremini
1262 1710 1333 1760 send

244 1782 312 1827 ootue
329 1791 380 1825 aum
391 1792 463 1837 usque
475 1780 502 1824 io
517 1778 586 1835 finem
596 1792 604 1824 .·
616 1781 664 1826 toto
676 1782 712 1827 die
720 1794 776 1827 con·
800 1784 995 1831 eomitiatuoanm
1002 1781 1088 1828 moed:
1097 1779 1333 1841 moiebomom

243 1848 349 1895 tristatos
360 1846 513 1905 terpredietor.
526 1845 607 1904 Usque
619 1845 646 1892 in
655 1859 729 1906 quem
746 1847 776 1894 fi·
800 1854 875 1900 cordis
886 1853 940 1898 enei.
952 1852 983 1898 Et
1001 1851 1056 1897 onte
1070 1852 1093 1897 tc
1111 1861 1187 1898 omne
1205 1851 1333 1899 desidem

243 1927 302 1964 nem
313 1927 339 1963 se
352 1915 413 1963 dicit
424 1927 476 1961 esse
487 1912 776 1964 curvatunrtlltrumle-
800 1935 891 1980 meom3
903 1923 924 1968 ei
942 1921 1182 1980 pemituomenenon
1200 1918 1334 1968 malms·

244 1984 358 2044 giiimum
384 1984 410 2030 in
435 1984 511 2030 tinem
538 1984 712 2043 paenitentiae?
729 1987 774 2033 lui
800 1992 926 2038 diluente.
936 1991 1069 2037 cornicum
1079 1986 1334 2046 conturbationem

245 2052 775 2114 amplius‚utmysticeintelligamus,usque
799 2061 899 2107 deseruit
909 2071 946 2104 mc
957 2058 1069 2117 fortitudo
1079 2069 1152 2116 meo3
1165 2059 1192 2104 et
1200 2057 1335 2104 inmenen-

244 2123 276 2169 ad
286 2123 419 2181 Christum,
430 2121 473 2182 qni
484 2122 539 2168 finis
547 2122 617 2182 Legis
628 2124 665 2170 est
676 2135 684 2168 a
694 2124 737 2184 qui
749 2137 775 2171 se
799 2128 876 2174 loram
887 2140 992 2174 neonem
999 2139 1048 2174 oon
1058 2127 1092 2173 eat
1104 2139 1215 2174 mecum.
1228 2122 1335 2173 Adve‘rli-

243 2204 328 2254 pussus
339 2194 376 2240 est
384 2192 525 2252 verberari,
540 2205 626 2252 passus
639 2195 676 2241 est
686 2206 775 2254 corpus
799 2210 854 2244 mus
871 2197 947 2257 igitur
964 2196 1073 2242 laborem
1099 2194 1198 2241 animae
1224 2194 1334 2254 majorem

244 2276 317 2311 suum
334 2265 459 2312 mortuum
474 2263 595 2323 lapidarii
616 2263 663 2311 Sed
677 2266 773 2313 nullum
800 2279 866 2324 esse,
890 2276 964 2325 quam
986 2263 1075 2312 curuis.
1102 2262 1228 2323 Denique
1252 2258 1349 2324 quibn'

244 2331 642 2392 toetommpoenitentiae,odorem
653 2345 712 2381 vero
723 2347 774 2380 orn-
799 2335 880 2381 anima
898 2333 1054 2380 illusionibus
1074 2331 1252 2391 compleatur,
1270 2331 1334 2378 intel·

244 2411 303 2447 nem
322 2399 406 2457 gratiae
428 2400 533 2446 vulnera
558 2400 601 2445 illa
620 2399 772 2448 redolebant.
800 2403 905 2462 lige:eo
915 2400 981 2461 quod
992 2400 1018 2446 in
1029 2398 1218 2446 tentationibus
1230 2398 1334 2446 diabolus

244 2467 358 2526 Denique
368 2478 419 2512 non
437 2467 507 2512 tabes
523 2466 609 2513 mortis
627 2467 658 2513 dc
669 2468 773 2516 vulnere
799 2471 822 2516 ei
834 2471 950 2517 videatur
968 2466 1073 2514 illudere
1085 2465 1112 2512 et
1128 2466 1260 2514 insultare
1271 2464 1334 2526 queat

245 2534 312 2594 eius,
333 2535 397 2582 siout
416 2536 543 2582 hominum
554 2537 713 2596 caeteromm3
731 2539 773 2585 sed
799 2539 906 2597 graviter
924 2536 1053 2584 laboranti.
1073 2534 1248 2593 Symmachus
1257 2536 1334 2582 mmet

245 2605 302 2650 tons
314 2602 371 2649 vua
381 2603 510 2650 scaturivit
525 2603 636 2663 aeternae;
654 2606 682 2652 ut
692 2606 774 2667 Scrip-
798 2608 834 2654 ait
849 2608 954 2664 lumbos,
973 2606 1000 2651 in
1017 2603 1107 2664 quibus
1123 2603 1266 2650 seminaria
1283 2603 1334 2650 sunt

244 2671 300 2717 tura
315 2683 360 2716 nos
374 2670 460 2716 edocet
474 2669 577 2717 dicens:
592 2674 624 2719 m
634 2675 700 2721 sotici
711 2689 774 2735 aquo
799 2677 963 2735 generationis
974 2675 1095 2720 humanae.
1104 2670 1178 2717 Unde
1191 2671 1334 2730 praecinctos

244 2752 298 2785 mem
314 2739 460 2786 delectatione
477 2741 503 2786 de
520 2740 622 2798 fontibus
637 2742 773 2791 salvatore.
799 2746 894 2792 lumbos
912 2743 1046 2790 habetote
1067 2739 1182 2799 praecipit
1210 2736 1335 2800 Sapientia

244 2809 362 2855 Exsilivit
373 2821 430 2868 ergo
444 2810 474 2856 de
490 2810 592 2856 vulnere
604 2822 680 2869 aqua,
690 2812 718 2858 ut
731 2825 774 2860 rios
799 2813 859 2872 Dei3
871 2825 903 2859 ne
916 2814 958 2860 tua
973 2809 1115 2858 castimonia
1125 2808 1282 2857 resoluatur.
1290 2809 1335 2855 lie·

244 2876 386 2924 biberemus
396 2879 509 2926 salutem.
520 2878 609 2926 bibent
619 2891 702 2926 omnes
715 2893 774 2940 poc·
799 2881 873 2940 nique
885 2881 913 2928 ut
923 2880 985 2927 scias
993 2880 1049 2939 quia
1061 2877 1087 2924 iu
1098 2875 1193 2924 lumbis
1205 2878 1268 2925 suut
1281 2875 1335 2923 libi·

245 2948 340 2994 catores
358 2948 445 3006 terrae,
466 2948 493 2996 ut
516 2949 618 3007 peccate
640 2949 772 3008 deponant.
799 2950 863 2997 dinis
892 2949 1087 3005 commotiones,
1108 2958 1163 3004 quae
1185 2945 1335 3006 pierumque

246 3014 642 3075 Videsingulalliscriisaitlictus
651 3017 774 3065 estcbris-
799 3020 940 3067 excitantur
950 3030 964 3063 a
975 3017 1087 3074 diabolo,
1096 3012 1197 3074 quando
1209 3011 1337 3063 contendit

244 3085 692 3145 tus,utbeatosiacerethomines,qni
705 3088 774 3133 erant
798 3089 917 3148 dissipare
942 3086 1054 3132 membra
1075 3081 1179 3140 curisti,
1204 3083 1235 3131 et
1257 3083 1336 3131 iacere

244 3155 273 3203 in
289 3155 394 3203 miseriis
409 3156 545 3203 constituti.
564 3156 640 3201 lterno
655 3156 773 3203 miserum
798 3153 1143 3209 membrarueretricisadlcce,
1153 3150 1258 3212 inquit,
1271 3152 1338 3212 ford·

245 3237 303 3272 eum
313 3225 356 3284 qui
367 3225 400 3270 sit
409 3224 503 3282 justus,
519 3224 639 3282 appellet,
650 3224 708 3282 quia
720 3224 773 3283 ipse
799 3229 852 3273 tudo
861 3227 910 3284 ejus
918 3229 943 3271 in
953 3221 1218 3280 lenioraetvntosejue
1229 3224 1335 3270 incure.

244 3292 327 3338 dixit:
342 3294 389 3338 Vos
396 3291 774 3350 nemosoctetmiaeroadlnrvatus
799 3293 826 3338 ln
836 3293 927 3340 lumbis
944 3291 992 3339 viri
1009 3291 1104 3338 semina
1123 3290 1201 3336 sunt:
1217 3290 1246 3336 in
1267 3291 1337 3338 utero

203 3390 207 3397 =
245 3360 285 3406 est
294 3359 351 3416 ille,
363 3358 391 3403 ut
408 3369 452 3403 nos
463 3359 614 3416 erigeremur
625 3369 632 3402 a
644 3357 773 3405 contrista·
799 3363 881 3409 autem
895 3361 1002 3408 feminae.
1015 3360 1101 3407 llludit
1111 3371 1170 3418 ergo
1181 3358 1302 3408 diabolus
1312 3358 1338 3406 in

244 3427 286 3473 tus
301 3427 338 3474 est
350 3426 409 3484 ille,
421 3426 451 3470 ut
467 3437 511 3470 nos
526 3423 676 3482 laetilicuret3
688 3436 774 3471 secun·
799 3429 852 3487 bis,
869 3430 896 3477 ut
912 3429 986 3476 iaciat
1009 3427 1174 3486 adulterium,
1190 3426 1337 3487 incestum,

245 3494 304 3541 dnm
323 3493 387 3553 quod
406 3492 524 3551 scriptum
546 3493 600 3538 est:
612 3493 639 3538 Si
652 3494 714 3539 enim
733 3507 774 3553 eqo
799 3498 992 3546 fornicationem.
1004 3498 1034 3545 nt
1053 3497 1108 3544 ideo
1119 3497 1162 3556 qui
1181 3495 1337 3556 fornicatur,

246 3564 357 3609 contristo
369 3575 425 3617 coa,
435 3562 457 3607 et
468 3562 558 3619 qitiseat
568 3561 610 3619 oui
618 3573 655 3606 me
663 3561 773 3621 letificet,
799 3569 825 3614 in
838 3580 924 3626 corpus
934 3580 1006 3614 suum
1016 3566 1116 3627 peccat,
1128 3577 1177 3612 non
1195 3568 1274 3614 extra
1284 3579 1338 3614 cor·

245 3633 292 3678 nisi
301 3633 342 3691 qni
347 3631 500 3676 contristetur
509 3643 540 3676 eoa
550 3629 603 3677 me?
614 3629 661 3689 Qui
671 3631 775 3678 contris·
799 3648 853 3694 pus.
861 3635 981 3692 Primum,
990 3634 1047 3693 quio
1055 3632 1192 3679 infirmatur
1198 3644 1275 3694 caro,
1284 3645 1338 3694 quse

244 3702 313 3750 tatur
322 3712 379 3759 ergo
387 3712 420 3746 ex
428 3700 591 3748 dominoiesu
603 3702 711 3762 Christo,
721 3703 774 3762 ipse
799 3703 944 3750 lihidinibus
953 3702 1054 3761 diitluit,
1063 3702 1089 3748 et
1098 3712 1146 3747 non
1155 3701 1243 3750 servat
1252 3700 1338 3749 mode·

244 3769 500 3827 laetisscatChristum3
513 3770 774 3830 etipsolaetiiicatura
799 3770 894 3817 camina
918 3771 1037 3817 castitatis
1058 3783 1064 3815 :
1087 3767 1195 3826 deinde,
1213 3771 1338 3828 quoniam

244 3838 349 3886 Christo.
369 3837 425 3885 ldeo
441 3849 499 3896 ergo
512 3838 538 3884 et
547 3850 591 3886 nos
601 3851 649 3886 non
659 3840 775 3899 periunc·
799 3838 932 3885 seminaria
947 3850 1001 3898 quae
1013 3837 1105 3884 debent
1118 3836 1196 3883 soboli
1210 3838 1337 3895 prolicere

245 3907 309 3956 toric
327 3905 529 3954 satisfaciendum
543 3918 557 3952 a
576 3908 646 3954 nobis
657 3920 710 3954 esse
720 3921 776 3968 cog·
799 3907 968 3968 procreandae,
982 3904 1195 3965 inquinamentum
1207 3906 1336 3966 corporis,

246 3974 379 4025 noscimus.
396 3976 531 4023 (inruemur
545 3985 623 4033 usque
644 3974 670 4020 in
686 3975 774 4034 tinem,
799 3988 847 4023 non
869 3975 976 4022 fructum
1006 3972 1157 4034 posteritatis
1184 3975 1335 4033 operantur.

247 4044 273 4092 ld
289 4044 341 4103 est,
356 4056 405 4091 nou
421 4045 499 4092 solum
518 4043 612 4090 Christo
628 4043 717 4102 iidem,
731 4045 776 4092 sed
800 4045 859 4091 lude
868 4042 1073 4102 itaquedicuntur
1080 4040 1209 4089 illusiones
1217 4039 1335 4101 tortasse,

247 4111 468 4176 otlampessionum
474 4112 610 4162 nostrarum
617 4124 776 4175 perseverari·
799 4111 864 4174 quod
881 4111 908 4158 in
923 4110 963 4160 lris
978 4110 1085 4174 corporis
1099 4109 1172 4159 estiis
1185 4108 1241 4159 siue
1255 4109 1337 4160 coitus
