2760 4794
415 348 623 413 iursaerreu
639 354 956 416 cx'vrrrexaosrrro.
1178 371 1225 420 aaa

146 441 176 490 tu
194 442 325 503 pr'obllrees
339 444 415 506 pedes
431 449 486 495 tuos
497 460 510 494 a
522 449 601 508 lapsu.
616 448 673 496 ldco
700 447 841 508 tragilitatis
866 448 1089 513 contemplatione,
1113 441 1152 501 alt*
1170 467 1178 502 ε
1197 456 1227 512 Ut

117 564 123 575 ‚
147 509 195 558 boe
215 512 307 560 meruit
324 514 418 574 David,
441 517 470 562 ut
491 517 557 563 Deus
577 517 674 576 alapsu
698 519 753 577 quid
758 520 887 576 ,Donatum
899 521 1019 568 discessisti
1028 519 1182 582 longollteuo
1192 523 1227 571 ti·

142 578 223 638 pedes
231 580 404 642 eiusemeret3‘
413 583 674 643 quoniampedessuos
698 586 766 646 met,
777 586 820 646 qui
838 587 965 636 homiuem
981 601 1007 636 se
1019 599 1071 637 esse
1082 591 1223 651 cognoscit:

143 645 200 707 ipso
219 649 379 709 prohibebat,-
396 663 428 698 ue
451 651 573 710 praecipiti
599 653 673 711 atque
698 652 742 700 sed
754 654 812 714 quia
831 656 887 715 plus
897 655 969 704 timet
987 657 1072 718 nobis,
1083 659 1127 718 qui
1141 670 1226 707 sumus

145 717 246 764 incauto
261 719 419 778 peccatorum
434 719 579 766 laberentur
595 719 674 766 vcsti-
698 722 859 780 exgentibus
878 724 1036 783 peccatores,
1057 726 1172 785 precatur
1191 731 1225 774 rto
1310 742 1312 747 ⁴

142 787 187 848 glo
204 797 212 832 a
228 787 294 834 uude
311 786 337 836 et
352 785 433 847 potuit
454 787 530 835 verba
550 787 673 834 custodire
698 788 846 848 longetata
857 792 908 838 suis
919 792 1046 851 gentibns3
1058 793 1137 854 utqui
1149 793 1225 852 longo

145 854 239 902 dimna.
246 855 298 903 Non
305 855 371 902 enim
379 854 501 902 custodire
510 855 564 914 quis
572 855 672 914 poterit,
697 867 812 917 eramus,-
823 859 970 918 incipiamus
980 870 1032 908 esse
1047 861 1187 922 propiores,
1197 860 1225 909 et

143 924 194 972 nisi
208 923 316 984 potuerit
330 924 400 983 prius
420 925 494 971 stare.
511 924 572 970 Cum
590 925 672 971 autem
697 925 801 974 sciamus
811 927 869 987 quia
884 927 995 975 hemines
1009 939 1107 988 sumus,
1119 928 1150 976 ad
1162 928 1224 975 ima-

134 993 304 1051 custodierit,
326 993 373 1053 lpsi
394 991 484 1051 incipit
506 992 672 1039 Deiverbum
696 993 779 1052 ginem
800 996 895 1043 scilieet
921 995 946 1043 et
966 995 1154 1044 similitudinem
1175 995 1225 1044 liei

145 1060 210 1109 lerre
220 1061 364 1109 custodiam.
380 1059 519 1107 Prohibitos
529 1058 673 1119 pedes-snos
697 1062 763 1123 iacti,
771 1063 860 1123 quibus
870 1077 915 1124 per
926 1065 1032 1125 iirginis
1042 1066 1140 1123 parturn
1148 1064 1225 1112 etiam

143 1131 210 1178 avia
224 1127 671 1190 malignabenedicit,qulclrristum
695 1131 803 1178 Christus
828 1129 959 1179 conformis
979 1132 1016 1179 est
1038 1131 1123 1179 metus.
1147 1133 1223 1181 Recte

142 1198 212 1249 viam
223 1209 277 1245 esse
288 1197 366 1245 novit.
696 1209 753 1258 ergo
764 1201 789 1248 e't
799 1200 830 1248 ad
838 1200 1146 1260 infirmitatemacdpitur,
1157 1200 1224 1248 etad

176 1268 215 1315 t8.
226 1268 249 1315 A
258 1267 350 1326 iudiciis
360 1267 405 1315 tuis
417 1279 466 1314 eoa
477 1267 601 1326 decliner&
613 1278 672 1326 quo·
695 1268 813 1326 gratiam:
822 1266 904 1316 scient
913 1270 989 1328 genter
998 1270 1109 1328 quoniam
1120 1268 1225 1316 domines

143 1336 212 1387 retem
230 1338 256 1383 tc
272 1337 343 1395 legem
356 1336 452 1394 pereso
468 1335 536 1382 ertit.
551 1335 671 1393 Exposuit
694 1337 749 1383 sunt
769 1350 777 1383 ε
794 1337 870 1384 altero
889 1348 935 1396 per
955 1348 1085 1384 commune
1102 1336 1224 1396 quoddam

103 1424 111 1437 ·
143 1404 207 1466 quid
226 1403 291 1451 esset
311 1415 326 1449 a
346 1403 387 1450 via
405 1403 513 1461 maligna
538 1402 670 1463 probibere
695 1406 769 1464 alque
788 1408 888 1454 carnale
899 1407 1048 1454 consortium
1068 1404 1224 1454 bestiarum

111 1469 114 1473 ’
144 1472 271 1534 pedem3a
278 1471 378 1530 judiciis
389 1471 477 1531 utique
485 1483 533 1518 non
543 1472 670 1519 declinare
695 1475 772 1520 altero
782 1487 828 1535 pcr
839 1475 968 1535 imaginem
980 1475 1080 1534 net,et
1089 1474 1224 1522 camisile-

143 1541 253 1600 divinis,
264 1539 290 1586 et
299 1536 396 1585 drumm
404 1539 476 1597 atque
482 1538 607 1586 immobile
615 1551 672 1597 per·
694 1541 791 1589 urinic'ae
805 1542 981 1590 sacramentum
994 1542 1100 1602 dignitas
1111 1552 1164 1590 csse
1172 1552 1224 1590 om·

142 1607 669 1666 severantisinnocentiaetenerevestigium,
693 1609 806 1669 pit‚quar
815 1610 952 1669 ignobilitas
960 1610 1100 1659 videbatur.

142 1690 195 1729 non
209 1677 340 1726 deflectere
354 1674 472 1734 gradum,
488 1687 534 1722 uec
545 1676 577 1723 de
593 1677 670 1727 curri·
723 1675 855 1725 Elebterito
866 1690 980 1739 ergeuen
989 1676 1145 1726 declinavit'a
1153 1677 1222 1738 judi·

144 1749 201 1798 culo
217 1747 329 1795 avertere
345 1744 501 1803 disciplinae,
517 1744 561 1792 sed
573 1745 670 1792 semitis
693 1744 739 1792 ciis
749 1745 795 1793 Del
810 1749 915 1806 populus
925 1748 1068 1808 nationum,
1079 1747 1123 1809 qni
1141 1749 1223 1808 potest

143 1828 194 1866 non
211 1815 289 1862 solum
305 1812 397 1861 veteris
416 1812 442 1858 iu
453 1810 526 1869 Slna,
536 1811 582 1859 sed
594 1812 669 1860 etiam
693 1814 776 1861 dicere
788 1827 795 1860 r
808 1817 923 1876 Qualem
934 1819 958 1864 tu
969 1818 1039 1877 legem
1047 1817 1146 1877 posuisti
1154 1818 1222 1866 miii.

142 1882 298 1942 ametegis
314 1881 429 1929 insistere
445 1880 580 1928 secuudum
590 1882 670 1929 Evan·
693 1881 744 1927 Non
754 1893 799 1939 per
815 1883 927 1942 lleyserr,
946 1895 996 1930 nen
1013 1888 1058 1941 pcr
1072 1882 1221 1945 propbetas,

143 1952 204 2016 gelil
214 1952 359 2000 claritatem.
694 1949 737 1995 sed
752 1949 806 2008 ipse
825 1953 930 2010 perte,
948 1950 1006 1997 lesu
1015 1983 1028 2009 „
1035 1953 1106 2011 legem
1123 1953 1225 2011 posuisti

175 2022 215 2070 lt).
227 2022 268 2069 Est
286 2019 361 2068 etiarn
371 2018 497 2079 Evangelii
512 2019 571 2077 lex,
582 2018 612 2067 de
622 2030 671 2078 qua
693 2018 766 2074 milri,
781 2018 827 2065 lroc
846 2018 897 2076 est,
915 2016 1083 2078 Evangellum.
1101 2018 1158 2066 ideo
1172 2030 1222 2068 uon

144 2087 671 2148 dicitinsuperioribusbicprophetazcmr·
694 2085 818 2134 declinavi
839 2099 853 2134 a
871 2086 928 2144 νίας
945 2087 1003 2146 quia
1019 2087 1046 2133 te
1064 2085 1182 2146 adspexi,
1195 2086 1222 2134 to

143 2163 226 2217 atltae,
239 2159 353 2214 Domine,
365 2157 517 2216 legistator-em
530 2168 600 2215 super
613 2169 670 2203 eos:
695 2152 812 2213 cognovi,
829 2156 872 2202 tua
895 2154 985 2201 itinera
1002 2154 1122 2214 sequutus
1134 2166 1222 2221 'reram

143 2222 220 2277 omont
231 2227 306 2286 gentes
317 2225 427 2283 quonium
438 2223 542 2270 domines
550 2225 614 2269 suat.
625 2222 671 2268 td·
695 2223 795 2279 cognovi
811 2223 885 2270 vlam.
1184 2231 1189 2237 ·

143 2295 248 2344 ventum
273 2291 361 2350 utique
385 2290 483 2336 Domini
509 2289 671 2349 intelligimus
725 2289 764 2337 22.
785 2292 870 2351 ltaque
895 2290 1094 2350 pradicationem
1119 2289 1223 2340 audiens

143 2360 490 2425 propnetan,etvocattone1n
498 2357 670 2418 gentiumque
694 2357 820 2418 Evangelii
843 2372 917 2420 quam
935 2358 1096 2418 propheticus
1119 2359 1222 2417 spiritus

143 2433 202 2481 autc
213 2432 239 2479 iu
253 2431 335 2477 lutum
346 2428 466 2488 quoddam
481 2427 588 2488 corporis
598 2427 671 2486 huius
694 2427 856 2486 praecinebat,
871 2427 923 2474 ait:
938 2429 1014 2488 ριιαπι
1028 2429 1104 2476 deleto
1115 2428 1222 2487 {oucibus

143 2501 292 2550 videbantur
309 2496 405 2555 infixae,
428 2496 549 2554 voluptati
569 2509 671 2556 corrup·
693 2497 750 2542 meis
762 2497 832 2543 verbo
849 2499 906 2553 tuo,
916 2510 985 2557 caper
995 2497 1040 2543 met
1054 2499 1076 2544 et
1091 2496 1170 2556 seeum
1186 2500 1223 2545 ora·

143 2637 293 2686 inherentes
301 2635 373 2695 3quia
381 2634 512 2680 Dominum
520 2635 668 2682 nescierunt.
693 2633 803 2679 remissio
811 2635 983 2692 peccatorum,
996 2631 1054 2681 vitae
1065 2634 1220 2694 perennitas,

123 2704 127 2709 '
144 2706 174 2753 Et
183 2705 239 2751 ideo
249 2704 326 2751 iratus
338 2704 507 2759 :dvenientem
519 2702 612 2762 iuquit,
618 2717 670 2764 pee-
694 2701 840 2748 resurrectio
862 2701 937 2749 etiam
958 2699 1146 2763 detunctorum,
1164 2715 1220 2764 quae

144 2778 233 2824 catores
250 2775 276 2820 ia
293 2773 424 2832 internum
443 2771 471 2819 ut
486 2782 536 2819 uon
556 2773 670 2820 viderent
693 2770 818 2829 perpetuae
832 2771 916 2818 mortis
928 2771 953 2817 et
968 2771 1062 2818 acerbae
1077 2772 1221 2819 amaritudi-

144 2842 333 2892 deseeudentem
357 2841 382 2888 et
406 2839 595 2888 adscendentem
616 2842 670 2887 ani·
694 2838 1221 2902 nemtemperaruntl’erbaecmortemcm-

143 2922 210 2959 ruam
225 2909 322 2957 Domini
338 2909 410 2966 iesu,
428 2908 453 2954 et
472 2908 671 2955 converterentur
693 2904 774 2963 pimus
791 2916 840 2950 uon
861 2904 965 2963 timere,
982 2907 1025 2964 qui
1045 2908 1164 2964 coepimus
1182 2906 1221 2953 di-

144 2980 176 3028 ad
186 2978 333 3034 Dominum,
344 2975 386 3035 qui
403 2974 512 3022 converti
529 2986 584 3021 curu
602 2975 670 3022 vive·
695 2986 751 3019 cere
767 2986 774 3018 t
789 2974 832 3022 ilbi
842 2977 889 3030 cst,
906 2987 981 3030 mors,
1003 2976 1101 3021 uictoria
1121 2974 1180 3023 tuo?
1191 2976 1221 3021 Et

144 3049 215 3107 rent,
225 3046 366 3094 uoluerunt.
375 3043 423 3090 Sed
434 3044 464 3090 de
474 3043 525 3090 illis
542 3043 602 3089 dicit
612 3056 670 3102 gerr-
694 3043 757 3089 bene
775 3042 880 3101 saucibus
892 3044 981 3101 dubim
994 3054 1023 3089 ee
1039 3043 1105 3102 quod
1125 3043 1220 3090 intimis

143 3117 225 3175 tibus,
236 3125 292 3175 quae
302 3111 624 3160 obliviscunturliomimtm.
695 3110 773 3157 intusa
784 3111 920 3157 visceribus
931 3110 1008 3170 gratia
1018 3111 1135 3170 spiritalis
1146 3112 1187 3158 stt.

175 3185 215 3232 ab.
227 3180 339 3230 Scierunt
350 3191 406 3239 ergo
424 3182 450 3227 et
466 3179 535 3226 obliti
547 3183 604 3228 surrt
616 3194 622 3226 ι
633 3180 671 3229 ta-
724 3178 762 3225 23.
775 3181 848 3238 seper
862 3179 907 3226 met
925 3182 948 3226 ct
966 3179 1060 3240 fecum,
1075 3175 1170 3239 iuquit,
1184 3181 1229 3226 ort⁴

142 3266 202 3304 meu
222 3249 367 3312 prophetica
383 3248 535 3309 benignitate
555 3250 622 3308 orat,
643 3253 671 3298 ut
695 3261 745 3295 mee
760 3250 845 3296 dulcio.
858 3247 888 3293 Et
902 3248 957 3296 ideo
973 3248 1031 3309 quia
1050 3248 1131 3296 dulcia
1150 3249 1221 3295 nobis

144 3316 669 3379 exsurgatiiomiuus,uoupraevaleatbom03
695 3318 770 3366 verba
787 3319 828 3365 lua
842 3330 894 3365 esse
906 3318 1049 3378 coeperunt,
1061 3317 1122 3366 dieis
1133 3318 1164 3364 ad
1175 3320 1219 3365 Ee·

143 3385 671 3450 uteegitatienestcrrenae‚etmotusomnes
695 3388 793 3435 alestam
813 3389 926 3435 :Eccum
947 3388 1059 3435 distrttoot
1075 3387 1140 3435 lobio
1161 3384 1220 3446 luo,

144 3459 268 3508 terrentes
282 3456 357 3515 huius
372 3454 478 3515 corporis
489 3455 669 3514 conquiescant.
694 3458 792 3517 Sponsa.
804 3456 868 3514 Quid
878 3456 910 3504 sit
920 3455 1002 3516 favus,
1019 3455 1078 3502 doce
1089 3466 1144 3515 nos,
1153 3455 1221 3504 Salo·

144 3528 371 3586 Judiecmurgeuteq
379 3523 492 3583 quoniam
502 3523 561 3570 tunc
573 3536 671 3582 cognos·
694 3523 812 3572 meutTu
823 3525 888 3572 euim
896 3524 982 3572 dixisti
994 3538 1001 3571 t
1013 3527 1072 3573 Favi
1080 3524 1163 3582 meltis,
1173 3538 1222 3574 sea·-

145 3597 209 3644 eltur
229 3595 366 3651 Dominus,
382 3604 438 3638 cum
455 3591 593 3638 timentium
613 3606 670 3640 cou-
693 3608 773 3643 inertes
785 3595 847 3642 boot.
859 3594 953 3642 Etvere
965 3592 1135 3654 boemianus,
1147 3604 1220 3654 quem

144 3663 250 3713 vertitur
257 3662 371 3720 affectus,
379 3659 459 3718 gravis
465 3659 559 3706 terrere
565 3659 669 3718 judieii:
694 3663 822 3710 manducat
835 3663 957 3722 Ecclesia,
970 3665 1103 3711 multorum
1113 3663 1220 3724 propbe-

143 3735 177 3782 Et
187 3734 275 3781 discent
284 3733 361 3791 gentes
371 3731 483 3790 quoniam
491 3729 594 3778 domines
603 3735 671 3789 suat,
694 3732 775 3778 tarum
798 3731 875 3778 velut·
890 3743 963 3791 apum
983 3729 1087 3792 spiritaii
1108 3730 1220 3778 ubertate

144 3800 192 3848 lutl
201 3799 355 3858 corruptione
361 3796 518 3856 resolubiles,
527 3798 553 3844 et
560 3798 619 3845 limo
627 3797 671 3845 du·
695 3800 807 3860 congesta
817 3799 889 3846 mella
901 3800 1118 3848 redolentemlinc
1126 3800 1162 3847 est
1170 3800 1220 3846 mei

145 3867 257 3916 rescente
266 3865 452 3927 formatisquod
461 3866 518 3913 ante
529 3865 571 3927 qui
581 3867 670 3926 Legem
694 3867 725 3915 de
744 3878 792 3928 quo
810 3868 868 3915 ait:
886 3868 1025 3917 Mendaeum·
1038 3880 1124 3928 parum
1142 3879 1220 3913 meam

146 3946 196 3983 nou
206 3935 526 3997 acceperant,nesciebant.
537 3934 606 3983 Unde
614 3936 671 3983 Pro·
694 3948 747 3984 cum
757 3937 821 3985 mette
838 3949 888 4001 mco
900 3950 908 3985 .·
921 3938 1060 3986 tritomum
1075 3948 1150 3983 meare
1167 3946 1220 3981 com

146 4004 222 4065 pireto
237 4003 305 4065 quast
319 4005 344 4052 et
362 4005 415 4066 ipse
433 4003 545 4055 turbatus
565 4004 670 4054 terrenae
694 4005 762 4054 laete
773 4016 832 4054 mee.
849 4005 968 4066 llysttcus
984 4013 1063 4054 sermo
1082 4002 1219 4053 caelestium
