2760 4794
141 379 186 428 232
545 381 664 427 albeni
678 380 839 426 amanosll

172 463 210 510 la.
222 458 360 523 indigemus
371 474 428 522 ergo
437 461 583 523 purgatione
592 477 600 522 3
609 462 667 522 qnia
692 474 765 521 qnam
774 461 889 521 peccator
897 458 1014 506 exclusus
1022 457 1080 518 est,
1090 454 1224 518 coepitosso

140 532 267 591 tetigimus
286 534 402 579 mortuos.
424 532 476 578 hex
492 543 537 579 nos
554 531 666 578 mundari
691 530 815 588 romphaea
836 529 921 588 ignea,
939 539 1013 588 quam
1036 527 1126 587 posuit
1147 526 1224 586 Deus,

139 599 212 655 iubet
221 600 395 658 aquisiantus,
406 601 514 659 utsupra
524 595 668 656 begemsit?
691 610 745 657 quas
759 598 831 645 antea
841 609 891 644 non
903 599 968 656 erat,
979 596 1082 655 quaudo
1098 597 1223 653 peceatum
1255 617 1258 623 ·

140 667 223 725 ipsum
240 668 379 715 Nazarenum
397 669 506 715 sanctum
524 668 586 727 Dei,
608 669 629 714 ai
646 669 668 715 is
692 680 740 714 non
752 667 813 714 erat.
830 667 905 725 Culpa
924 665 1014 726 ooepit,
1028 665 1055 712 et
1074 663 1222 724 baptismum

139 735 392 796 arganthonium,
402 736 553 783 immundum
561 749 668 796 pronun-
692 735 784 795 eoepit:
794 747 843 796 qno
858 734 1024 795 purificentur
1033 739 1043 793 ,’
1053 733 1101 794 qui
1121 733 1151 779 in
1161 744 1223 792 para·

140 804 195 850 ttat.
208 804 314 864 Ideoque
329 805 395 852 radit
409 809 483 864 eaput
493 817 563 851 suum
571 837 578 862 ‚
587 808 613 852 ei
625 804 667 851 de-
693 804 773 851 disum
778 804 859 852 redire
868 802 1015 864 cupiebant,
1026 803 1056 849 ut
1067 801 1179 860 regressi
1190 799 1224 847 di·

139 873 210 937 ponit
225 873 340 932 capillum
353 874 423 932 quasi
436 886 486 920 non
499 873 623 933 sanetum3
643 874 667 920 et
692 873 791 919 corenla
801 871 1222 931 Troasioimusperignemetapson.

140 939 232 988 iterum
251 944 305 989 orat
319 943 347 989 nt
368 942 529 999 exaudiatur,
549 942 591 1000 qui
610 943 666 987 ante
693 943 737 989 llio
755 953 800 1000 per
819 953 923 1001 aquam,
941 939 993 986 illie
1005 950 1054 998 per
1069 937 1170 996 ignem.
1185 937 1224 983 Per

140 1009 341 1070 proptermortui
358 1010 482 1057 adiectum
497 1021 601 1056 exorare
619 1021 668 1056 non
693 1022 795 1069 aquam,
818 1011 847 1057 ut
869 1007 1001 1056 abluantur
1028 1009 1138 1066 peecata
1159 1017 1167 1051 a
1185 1014 1223 1062 per

19 1053 25 1063 ⁶
100 1126 104 1134 ,
141 1078 222 1136 pomit
237 1091 244 1123 a
258 1078 439 1125 irrationabiles
450 1077 521 1124 duxit
530 1077 666 1135 dies3quia
693 1078 826 1136 ignem‚ut
836 1077 980 1124 exurantur.
991 1073 1223 1133 Sedquodestgra·

140 1145 669 1205 irrationabiliappropinquaverat.Deponit
693 1147 761 1206 vius,
770 1149 795 1194 et
806 1147 847 1192 bic
857 1143 1005 1193 sustinemus
1017 1144 1123 1200 ignem,
1135 1142 1162 1187 et
1168 1139 1221 1187 illia

141 1215 218 1274 igitur
234 1220 330 1262 mortua
342 1216 368 1262 et
383 1214 505 1272 superflua
517 1213 606 1272 capitis
615 1214 667 1271 sni,
725 1216 761 1262 lt.
774 1214 833 1272 Quis
841 1215 879 1261 est
887 1213 930 1272 qui
938 1212 965 1258 in
974 1211 1024 1258 hoe
1035 1210 1095 1268 igne
1105 1209 1221 1268 baptizat.t

141 1282 169 1329 ut
189 1283 284 1331 Christo
302 1282 485 1329 reconcilietur.
504 1283 565 1341 Ergo
586 1283 606 1328 si
620 1282 667 1328 lla-
693 1282 743 1328 Non
751 1280 893 1341 presbyter,
905 1291 954 1326 non
964 1279 1118 1336 episeopus,
1129 1288 1180 1323 nou
1188 1275 1223 1322 Jo-

140 1361 231 1397 aaraens
249 1349 409 1409 purificatur,
427 1351 452 1396 ot
474 1361 519 1396 nos
543 1348 668 1409 puriticari
693 1352 799 1408 baanes,
820 1350 863 1409 qui
885 1348 1002 1408 aitabgo
1025 1360 1069 1395 vos
1092 1346 1222 1406 boptrbois

140 1419 249 1478 oportet.
692 1416 1113 1481 paenilmtiom3nonhngelus,non
1123 1414 1223 1461 Ambau-

171 1487 210 1532 ts.
221 1487 308 1533 Omnes
316 1484 462 1543 contigimus
469 1483 601 1532 mortuum.
609 1483 669 1542 Quis
693 1490 775 1547 gelus,
792 1499 842 1534 non
859 1485 1061 1542 Dominationes,
1076 1496 1134 1531 non
1148 1485 1223 1530 Potes·

141 1553 209 1601 enim
217 1553 361 1611 gloriabitur
374 1553 468 1599 casium
476 1565 502 1599 se
510 1552 603 1598 habere
614 1563 668 1609 cor,
694 1557 776 1604 tates:
794 1555 838 1602 sed
850 1556 909 1614 ille,
919 1554 950 1601 de
961 1565 1010 1612 quo
1028 1552 1162 1599 lohannes
1177 1550 1223 1598 aits

142 1623 187 1668 aut
201 1621 257 1680 quis
271 1620 372 1667 audebit
384 1621 468 1668 dicere
481 1620 600 1666 mundum
615 1633 641 1667 se
655 1631 669 1665 a
694 1628 740 1687 Qut
753 1627 815 1673 veuit
827 1627 878 1683 post
888 1637 925 1670 me
932 1655 941 1680 ,
950 1623 1038 1680 fortior
1049 1634 1091 1668 me
1101 1623 1153 1679 est,
1166 1619 1224 1680 saio

48 1738 56 1745 ,
140 1687 310 1749 peccatisiSit
321 1689 410 1749 aliquis
419 1689 519 1736 tortasse
531 1689 573 1748 qui
585 1690 668 1735 inser·
693 1707 804 1742 mnsam
826 1695 908 1752 dipem
926 1692 1088 1740 calceamenta
1112 1691 1225 1750 perime

140 1769 214 1804 mone
228 1769 278 1804 non
294 1757 441 1816 deliquerit,
454 1758 514 1804 lieet
528 1769 597 1804 rarus
608 1759 668 1808 rste.
694 1763 739 1821 ipse
749 1774 789 1808 vos
800 1761 926 1820 baptizabit
941 1761 966 1806 io
981 1759 1076 1818 Spiritu
1092 1760 1177 1806 sancto
1184 1757 1225 1815 ,et

141 1826 172 1874 de
180 1838 229 1885 quo
236 1827 302 1874 Dens
311 1825 377 1873 dicat
384 1859 391 1885 ,
399 1826 463 1874 sient
473 1827 504 1874 de
516 1829 599 1873 sancto
609 1826 668 1873 tob:
693 1832 753 1888 igne.
760 1829 835 1876 Habet
845 1828 1000 1877 matitobrum
1010 1828 1037 1874 io
1048 1839 1131 1874 manu
1140 1839 1197 1883 suo,
1205 1825 1225 1872 et

140 1898 181 1944 lite
190 1909 239 1942 oon
253 1897 353 1956 peeeoeit
372 1896 511 1956 labiisnoiog
522 1899 606 1942 tamen
619 1907 668 1942 non
694 1898 855 1957 peraiundnbtt
865 1911 948 1945 aream
955 1892 1225 1954 soomntcongrepolt

140 1976 238 2024 semper
255 1964 350 2012 habere
369 1963 451 2022 potuit
470 1965 575 2011 mundas
591 1963 670 2011 oordis
695 1963 1225 2024 triticuminhorreomauumpoteosoaien
1279 1961 1282 1965 '

142 2035 182 2079 sui
198 2032 372 2092 cogitationes,
387 2032 469 2089 injicit
480 2044 506 2079 se
521 2032 632 2080 diabolus
643 2032 669 2077 in
694 2035 812 2082 comburet
821 2035 871 2094 igni
881 2031 1065 2092 iirextiapoibili.
1076 2031 1135 2078 Non
1143 2031 1175 2078 de
1185 2031 1226 2076 bos

141 2101 375 2148 norbomims.Pone
384 2100 469 2158 parata
477 2111 574 2158 semper
582 2103 669 2158 etper·
694 2101 854 2161 baptismate,
879 2099 944 2160 qnod
967 2099 995 2146 fit
1015 2111 1063 2158 per
1088 2099 1225 2147 sacerdotes

140 2169 211 2228 sigili
221 2167 330 2215 custodia
339 2168 467 2226 quisquam
481 2178 523 2213 eor
536 2180 607 2213 suum
616 2179 670 2226 sep-
694 2169 822 2228 Ecclesiae‚
837 2168 931 2215 dictum
942 2167 995 2226 ipse
1003 2164 1135 2213 Dominus
1145 2164 1224 2214 testit-

53 2250 56 2255 ⁴
141 2238 216 2295 serit,
226 2238 345 2285 tamenin
360 2236 441 2282 medio
451 2236 606 2295 peccatorum
615 2247 670 2282 ver·
694 2239 771 2285 eatur.
785 2237 912 2297 Siquidem
922 2238 976 2296 post
986 2234 1224 2283 consummationem

141 2308 218 2362 satur,
233 2314 333 2350 neeesse
343 2303 417 2349 babet
431 2303 506 2350 etiam
519 2301 572 2361 ipse
582 2302 669 2360 purifi·
694 2306 778 2354 saeculi
799 2306 880 2354 missis
904 2302 1002 2364 Angelis
1023 2303 1071 2364 qui
1098 2301 1224 2362 segregant

141 2371 587 2429 eari.UndeEsalas,cumdixissett0
600 2372 670 2418 miser
694 2376 769 2421 bonos
783 2374 809 2422 et
823 2375 914 2430 alalos,
931 2374 978 2420 boo
987 2370 1104 2419 futurum
1116 2372 1157 2420 est
1169 2371 1224 2430 bap·

141 2442 197 2502 rget
212 2444 324 2502 poemiam
337 2441 459 2487 immundo
475 2439 539 2486 lobio
548 2439 621 2486 babeo
628 2472 636 2497 ,
648 2442 670 2487 et
694 2444 767 2490 tisma
778 2455 785 2489 τ
797 2443 950 2504 quandoper
962 2441 1091 2488 caminum
1103 2440 1171 2501 ignis
1181 2438 1224 2486 ini«

141 2511 167 2555 in
185 2511 259 2556 medio
278 2509 357 2567 populi
372 2520 451 2554 vertor
465 2507 586 2553 &aimundo
605 2507 669 2554 labia
694 2513 774 2572 quitas
789 2513 923 2569 exuretur3
939 2513 968 2557 ut
985 2511 1012 2556 in
1028 2521 1109 2568 reguo
1122 2509 1171 2556 Dei
1181 2508 1224 2556 fut·

141 2579 265 2636 bobeotte;
275 2577 357 2624 statim
367 2577 575 2623 descenditunum
586 2577 616 2623 de
627 2577 670 2623 Se«
694 2584 766 2639 geant
775 2581 835 2638 insti
846 2581 909 2628 sient
917 2581 951 2627 sol
964 2579 1016 2637 ipse
1026 2578 1054 2624 in
1062 2590 1144 2638 regno
1155 2577 1225 2638 patris

141 2645 253 2704 raphim,
262 2646 288 2691 et
299 2644 401 2702 contigit
411 2643 476 2689 labia
488 2643 668 2703 ejusoarbone,
694 2650 741 2696 sui.
752 2651 781 2696 Et
791 2650 811 2696 si
823 2649 914 2707 aliquis
925 2647 1021 2695 sanctus
1031 2647 1062 2693 ut
1074 2647 1168 2695 Petrus
1183 2646 1223 2703 sit,

142 2718 169 2762 ut
179 2714 304 2761 immunda
312 2713 365 2772 ejus
376 2714 441 2760 labia
451 2713 591 2760 mundaret.
694 2718 862 2774 utlohannes‚
870 2717 1006 2777 baptizatur
1013 2713 1135 2773 benigni.
1143 2714 1226 2762 venio

174 2783 212 2830 lh.
231 2784 284 2830 Non
300 2796 377 2830 unum
390 2784 428 2830 est
437 2783 558 2841 baptisma
570 2796 576 2827 ε
590 2795 668 2830 unum
694 2799 750 2845 ergo
766 2787 875 2846 Baptista
892 2797 993 2845 magnus
1004 2780 1014 2845 (
1027 2784 1065 2831 sio
1083 2783 1157 2830 enim
1173 2794 1225 2831 eum

144 2853 181 2899 ost
191 2853 256 2912 quod
263 2852 304 2899 hie
314 2852 387 2899 tradit
395 2852 573 2910 Ecclesia‚per
581 2863 669 2912 aquam
693 2856 805 2915 nomino,
826 2854 946 2914 quomodo
968 2852 1112 2900 nominavit
1131 2852 1226 2900 Gabriel

143 2923 169 2969 et
183 2922 302 2980 Spiritum
311 2922 436 2979 sanctum,
452 2933 501 2987 quo
519 2932 620 2968 neeesse
632 2921 669 2968 est
693 2925 777 2971 dicens
788 2925 901 2970 alliceret
915 2935 1013 2981 inopom
1024 2918 1034 2980 )
1047 2921 1153 2968 videbit
1167 2921 1225 2969 mul·

141 2990 260 3049 baptizari
279 2990 477 3038 catechumenos.
497 2987 538 3035 Est
555 2990 580 3036 et
600 2990 669 3037 aliud
694 2994 730 3040 tos
745 2992 803 3039 ante
820 2991 926 3051 paradisi
947 2989 1038 3037 stantes
1055 2991 1224 3047 vestibulum,

142 3059 314 3119 baptlsma‚de
325 3071 374 3118 quo
383 3058 443 3105 dicit
451 3059 569 3105 Dominus
579 3058 668 3105 tosuss
693 3061 802 3108 movebit
818 3061 967 3119 romphaeam
982 3058 1148 3119 versatilem,
1165 3059 1225 3105 diret

141 3131 263 3189 Baptismo
269 3128 342 3176 babeo
348 3128 475 3187 baptizari,
485 3129 545 3187 quod
550 3140 591 3174 vos
597 3127 669 3173 nesci·
695 3131 725 3177 iis
737 3130 779 3188 qui
792 3141 806 3175 a
820 3128 914 3175 dextris
930 3129 1000 3184 sunt,
1012 3138 1064 3172 non
1075 3126 1225 3174 habentibus

64 3203 67 3208 '
142 3200 180 3244 tia.
191 3198 220 3244 at
230 3197 314 3256 utique
325 3194 519 3253 jambaptizatus
529 3194 555 3240 in
564 3193 668 3239 iordane
694 3196 885 3255 graviapecoata
897 3208 904 3240 a
917 3194 1007 3240 lntrate
1015 3194 1059 3253 qui
1065 3194 1224 3253 praesumitis,

141 3265 237 3323 tuerat,
253 3265 317 3311 siout
330 3264 455 3322 superiora
470 3260 670 3309 declarantrsed
694 3265 737 3324 qui
761 3265 844 3324 ignem
865 3275 915 3309 non
932 3261 1035 3309 timetis.
1058 3262 1226 3310 Praedixeraro

141 3333 226 3381 sithoc
237 3332 385 3391 baptismum
395 3331 526 3391 passionIs,
534 3342 582 3389 quo
593 3329 669 3375 etiam
696 3334 761 3379 enim
772 3333 841 3379 vobis
853 3345 860 3375 z
872 3332 933 3378 Ecce
945 3327 1017 3377 venio
1029 3330 1096 3377 siout
1114 3332 1192 3391 ignis3
1203 3328 1225 3376 et

142 3401 260 3459 sangnine
281 3413 325 3448 suo
345 3401 512 3459 unusquisque
529 3396 668 3446 mundatur.
694 3412 739 3458 per
756 3399 910 3446 Ezechielem
931 3399 1044 3445 dixeram
1058 3411 1065 3444 a
1079 3400 1144 3446 Eece
1160 3399 1226 3459 prolia

142 3470 183 3516 Est
191 3470 264 3516 etiam
275 3469 422 3529 baptismum
434 3469 460 3514 in
473 3465 579 3526 paradisi
593 3464 670 3512 vesti·
695 3472 768 3517 cascar
777 3472 801 3515 in
809 3469 953 3515 Hiennalem
961 3467 1138 3524 ,etiusofflobo
1146 3470 1224 3523 ineos,

142 3537 225 3596 hulo',
233 3538 298 3598 quod
308 3539 378 3585 antea
388 3549 439 3585 non
447 3535 511 3582 erat:
524 3533 671 3593 sodpostea·
696 3540 720 3584 io
731 3541 783 3597 igne
794 3540 836 3584 iroe
847 3549 918 3595 meoe,·
929 3539 955 3583 ol
970 3535 1093 3583 tabescatis
1106 3549 1125 3583 o
1135 3535 1225 3596 ptum

142 3619 670 3635 ----·-··-···—
696 3609 717 3653 et
727 3609 799 3665 torro.

164 3663 229 3726 ’ἕω
237 3667 286 3701 ²³¹⁸
294 3664 442 3725 ³⁰⁰⁰¹.³‘.'.¹¹¹¹3¹⁵
450 3660 571 3722 opinionem
581 3659 636 3697 ¹¹³¹¹⁶
644 3659 670 3696 ‘¹³
725 3674 764 3722 l6.
786 3673 876 3724 Veniat
899 3684 956 3733 ergo
973 3671 1037 3732 ignis
1064 3683 1226 3728 consumens,

140 3716 202 3763 iustis
215 3718 305 3754 extremi
313 3717 390 3763 judicu
404 3715 487 3761 disper
501 3723 573 3761 agnem
588 3724 670 3760 expur-

141 3768 215 3817 gandis
232 3767 371 3807 Ambrosium
389 3767 414 3802 ab
431 3765 525 3812 Origene
543 3769 670 3803 mutuatum
696 3743 783 3790 exurat
797 3743 822 3788 ill
840 3742 911 3789 n⁰hi⁵
924 3742 1054 3802 plumbum
1070 3741 1223 3801 iniqnitafflt

142 3832 196 3859 esse:
208 3819 670 3864 hoclocoidtanlumaddimus,interhuno
696 3811 787 3858 ferrum
805 3811 913 3870 peccati,
932 3810 1055 3869 faciatque
1075 3821 1122 3856 llos
1141 3818 1225 3857 tillium

142 3876 215 3922 ignem
224 3878 243 3911 ei
253 3884 304 3911 eum
313 3882 357 3920 quo
367 3872 462 3909 diabolus
475 3882 499 3909 ac
512 3873 596 3920 reprobi
606 3882 669 3909 erar·
696 3881 828 3928 sincerum
850 3880 913 3927 ,Urat
931 3891 1002 3926 renes
1024 3890 1109 3937 meos,
1134 3879 1162 3926 et
1187 3887 1224 3924 ω,

142 3924 672 4026 alasii:tantilldaaalatala:
696 3948 903 4005 masmanna
917 3943 1224 4007 coattemaeaauaecasfr

143 4036 207 4086 gatar
217 4031 321 4078 Origenes
697 4016 754 4063 tatis
769 4016 839 4076 sunt,
854 4016 1033 4078 concupiscam.
1046 4014 1095 4072 Sed
1112 4012 1224 4077 quiebit
