2760 4794
447 462 930 522 runshcimuxuuussnamo.
1146 467 1236 526 “lar

105 525 111 546 ²
131 546 133 551 ·
155 537 479 609 nomenculatorem,
489 551 532 598 ssa
542 552 684 602 caelasse
702 556 819 614 jurarem
836 571 913 606 meam
928 555 990 605 uren
1004 568 1012 605 ι
1028 538 1151 606 crisenon
1166 571 1235 609 sno

157 606 272 659 fundatus
281 612 308 658 iu
322 614 430 675 Christ03
445 619 474 665 ut
488 619 565 676 possit
579 619 681 668 dicere:
707 625 793 684 gauter
805 628 831 674 et
840 627 912 674 homo
928 627 1005 686 possit
1020 626 1103 675 dicere
1113 627 1234 685 iustitiam

156 676 253 726 conlido
264 681 343 741 enim,
354 683 411 742 quia
421 694 503 744 neque
512 698 590 747 mors,
599 700 681 748 neque
706 703 789 750 suam,
801 694 843 753 qui
858 695 911 741 Deo
926 693 1018 752 credit,
1033 694 1060 741 et
1074 694 1148 742 iidem
1164 708 1234 743 suam
1309 737 1317 752 ,

155 744 264 807 gladius,
278 761 360 810 neque
371 751 498 800 tribulatio
513 765 626 813 separare
641 769 681 804 me
706 759 753 805 sibi
763 762 872 820 reputari
891 762 922 809 ad
943 762 1065 820 iustitiam
1089 763 1231 812 confltetur.

153 814 230 872 possit
239 818 364 868 ecaritate
373 821 434 881 Dei,
444 833 500 882 quas
508 822 546 870 est
553 823 579 870 iu
587 824 680 873 Christo
705 827 841 876 Veritatem
850 820 1075 878 etmisericordiam
1083 831 1178 891 diligit,
1189 833 1233 892 qui

153 881 221 931 iesu.
284 888 285 891 ’
704 895 777 942 iidem
787 897 906 956 praedicat
920 910 1020 957 reram,
1036 899 1062 946 ot
1075 900 1177 960 peccata
1193 900 1233 947 di-

157 972 159 976 ·
183 954 223 1004 ii.
237 957 285 1016 Qui
296 958 381 1008 autem
395 963 513 1021 praedicai
528 965 553 1011 in
570 965 678 1013 Ecclesia
704 964 790 1011 mittit.
802 965 859 1012 ideo
870 965 937 1012 euim
948 966 1057 1014 Christus
1072 964 1188 1027 advenit,
1203 967 1233 1015 ut

103 1024 107 1042 ⁵
152 1035 253 1087 magna,
264 1038 313 1074 nou
324 1027 449 1076 abscondit
457 1030 580 1088 iustitiam
590 1031 636 1079 Dei
652 1034 678 1079 in
703 1031 777 1079 iidem
785 1034 919 1093 statueret,
929 1033 1099 1082 remissionem
1109 1035 1232 1085 tribueret

82 1138 87 1147 ,
153 1092 226 1141 corde
243 1107 300 1155 suo;
317 1097 360 1143 sed
377 1099 470 1145 exaltat
485 1099 579 1146 viribus
593 1113 677 1147 vocem
702 1101 866 1159 peccatorum.

78 1155 82 1172 ¹
151 1173 235 1223 suam,
246 1165 394 1211 annuntians
406 1166 537 1213 Christum.
548 1168 600 1215 Non
607 1168 679 1216 timet
732 1167 771 1214 26.
783 1169 812 1215 lit
824 1168 881 1227 quia
892 1180 923 1215 ex
934 1181 1038 1228 persona
1048 1170 1182 1218 silvatoris
1191 1172 1231 1220 to·

111 1228 114 1233 '
151 1241 210 1276 eum
218 1243 298 1278 coram
306 1234 396 1292 populo
406 1234 613 1293 praedicare,non
624 1248 678 1283 eru-
703 1233 755 1281 tum
770 1235 837 1281 hunc
855 1248 907 1282 esse
924 1236 1034 1283 diximus
1047 1239 1185 1298 psalmum}
1198 1251 1232 1287 ne

151 1296 231 1344 hescit
239 1310 337 1345 crucem
347 1299 412 1359 eius3
425 1301 593 1360 sedgioriaiur
601 1305 627 1349 iu
636 1303 678 1350 illa
703 1301 765 1349 forte
772 1301 857 1348 dicant
864 1303 1039 1362 apollinaristae
1051 1318 1058 1350 :
1070 1307 1129 1352 Ecce
1137 1319 1230 1366 colpus,

151 1365 253 1412 Domini
260 1368 382 1427 passione.
392 1369 444 1415 Non
452 1370 563 1429 sequitur
570 1371 678 1418 litteram
703 1369 780 1429 dixit,
788 1374 930 1430 pr'oeporoeh'
938 1373 1010 1429 mihi,
1021 1385 1070 1419 non
1086 1373 1160 1420 etiam
1176 1375 1231 1421 aui·
1291 1421 1296 1433 ,

152 1432 238 1492 Legis3
259 1436 303 1482 sed
322 1437 387 1484 eruit
404 1437 524 1496 protunda
544 1441 660 1498 mysteria
669 1452 684 1498 ,··
702 1449 780 1497 mam;
800 1438 901 1485 audiant
918 1439 943 1484 iu
961 1439 1119 1487 interioribus
1138 1441 1228 1502 psalmi

150 1502 242 1560 quihus
254 1504 349 1551 revelet
364 1506 463 1553 Domini
480 1506 539 1554 lesu
554 1507 675 1566 gloriam:
701 1505 776 1563 huius
789 1503 931 1554 dicentem:
944 1508 1124 1568 donmaoantur
1134 1512 1155 1556 et
1165 1523 1230 1558 rese·

149 1580 224 1629 quem
240 1572 292 1618 Lex
308 1572 453 1631 significavit
469 1586 523 1621 esso
543 1575 676 1623 venturum
700 1579 798 1622 recator
822 1576 903 1632 simoi,
929 1579 970 1637 qui
992 1579 1101 1636 qooeruat
1121 1580 1228 1626 ocimum

150 1638 182 1685 ad
195 1639 341 1700 Ecclesiam,
352 1654 406 1702 quae
422 1654 509 1702 magua
525 1645 564 1692 est
575 1656 676 1704 congre·
699 1657 789 1701 meam,
807 1646 833 1691 at
844 1647 955 1706 augment
965 1658 1026 1692 eom.

150 1707 236 1766 ganda.
246 1708 345 1757 lustitia
354 1710 430 1770 igitur
439 1711 499 1758 sides
507 1711 552 1758 est.
563 1713 674 1773 Denique
730 1712 768 1758 27.
780 1712 837 1760 Haec
847 1713 903 1760 sunt
914 1726 968 1773 quae
981 1713 1007 1759 in
1018 1714 1064 1761 hoc
1074 1713 1167 1773 psalmo
1177 1713 1227 1760 dii-

149 1777 243 1825 crcdidtt
252 1777 375 1825 Abrohom
384 1782 433 1827 Deo
439 1811 448 1837 ‚
461 1783 483 1827 et
496 1784 628 1840 reputatum
642 1786 675 1830 cst
699 1781 800 1828 iiciliora
812 1781 924 1830 arbitrati
934 1795 1017 1829 sumus
1028 1795 1035 1828 τ
1047 1783 1142 1842 reliqua
1153 1783 1226 1842 plana

149 1847 172 1893 ci
182 1847 343 1904 odiestitiom.
358 1850 417 1894 iicce
427 1849 490 1896 lobio
500 1862 609 1896 meroen
617 1864 675 1910 pro-
699 1849 725 1895 et
740 1849 835 1908 facilia,
846 1862 892 1897 nec
910 1850 993 1908 indiga
1009 1863 1063 1898 esse
1077 1850 1227 1910 iuterpreta-

147 1912 244 1972 hiicio,
265 1917 379 1973 Domine,
398 1918 424 1963 tu
439 1919 571 1976 cognovisti.
591 1918 630 1965 Sic
650 1920 675 1966 et
698 1917 773 1964 tionis
783 1917 993 1976 existimavimm3
1011 1931 1066 1965 cum
1076 1919 1097 1965 si
1112 1919 1137 1965 in
1152 1920 1226 1966 liac-

148 1979 233 2027 ahoi:
253 1983 289 2028 To
306 1985 430 2042 cognovisti
446 1985 567 2031 sessionem
581 1998 673 2043 mom,
697 1984 775 2029 tatum
787 1984 911 2044 incidant,
928 1985 955 2030 iu
966 1985 1014 2031 alio
1029 1986 1122 2044 psalmo
1139 1987 1226 2046 inquo

148 2048 171 2095 ct
181 2052 370 2097 resurrectionem
380 2065 465 2098 mecm.
698 2054 815 2101 videntur
829 2067 882 2102 esse
898 2055 1018 2115 repetita,
1034 2055 1126 2104 rectius
1141 2068 1225 2114 prose·

177 2117 218 2164 it.
229 2117 264 2164 ld
274 2119 370 2165 Patrem
378 2120 439 2167 dicit
450 2133 457 2166 r
469 2122 587 2169 iustitiam
596 2135 673 2169 nwom
697 2135 815 2181 quemue,
827 2123 924 2169 iacente
934 2123 1037 2170 Domino
1046 2125 1104 2170 iesu
1115 2137 1122 2169 a
1136 2123 1176 2170 cui
1187 2123 1225 2172 est

147 2197 196 2232 noa
215 2187 324 2235 abscondi
338 2190 362 2235 ia
377 2190 444 2236 corde
458 2202 509 2236 asco
526 2205 534 2237 a
552 2192 673 2237 veritatem
697 2188 765 2248 laus,
777 2191 867 2248 honor,
878 2189 968 2248 gloria,
983 2192 1136 2250 perpetuitas
1150 2203 1164 2236 a
1178 2204 1225 2238 sae·

148 2255 228 2310 tuom,
244 2257 265 2301 et
276 2257 379 2302 solatore
394 2259 460 2302 ioum
474 2257 533 2302 dici.
550 2257 624 2304 Totus
641 2269 673 2303 ex
697 2257 772 2314 culis,
784 2258 810 2304 et
824 2267 888 2303 nunc
900 2259 925 2303 et
936 2269 1047 2316 semper,
1064 2259 1089 2306 ct
1104 2258 1131 2304 in
1142 2257 1224 2306 omnia
1276 2269 1279 2275 '

147 2333 250 2382 persona
264 2322 352 2370 christi
366 2324 473 2383 psalmus
487 2324 535 2372 istc
550 2324 600 2384 est;
617 2324 673 2372 ideo
697 2326 785 2372 saecuia
800 2325 954 2373 saeculorum.
969 2326 1056 2372 hmcu.

273 2627 276 2632 .
324 2605 326 2608 >
353 2574 402 2636 IN
428 2573 637 2641 hshhnlllnl
660 2573 720 2634 XL
748 2573 1015 2637 ENARRATIO.

178 2873 203 2921 l.
221 2875 293 2922 Bono
312 2871 413 2931 ordine,
433 2871 480 2933 qui
500 2871 527 2919 iu
545 2871 672 2931 superiore
696 2867 1094 2929 hguuspeccatumtotiusmundi
1105 2867 1220 2930 abstulit,

146 2943 240 3003 psalmo
255 2941 336 2989 dixit:
348 2944 407 2988 Ecce
421 2943 502 3000 veni03
518 2939 545 2985 in
560 2940 607 2986 hoc
621 2939 671 2996 jam
695 2938 738 2998 qui
757 2939 822 2984 solus
836 2936 1024 2996 chirographum
1040 2937 1146 2996 decreti,
1165 2950 1221 2986 sau-

145 3010 230 3068 venit,
245 3011 271 3055 et
286 3009 396 3068 patitur:
408 3008 434 3054 et
449 3007 505 3054 ideo
516 3005 672 3066 quadragesi·
695 3005 776 3064 guinis
786 3004 952 3051 suieiiusione
962 3003 1070 3062 delevit,
1086 3006 1112 3051 et
1121 3005 1180 3051 tulit
1188 3005 1221 3052 dc

145 3088 203 3123 mus
216 3076 324 3134 psalmus
334 3072 490 3131 inscribitur,
501 3072 559 3132 quia
569 3072 673 3130 quadra·
695 3073 790 3130 medio,
803 3072 875 3129 atque
886 3071 980 3117 suiiixit
991 3072 1058 3117 cruci
1075 3084 1082 3116 r
1097 3071 1167 3130 quasi
1181 3084 1221 3118 aa·

145 3141 216 3201 ginta
227 3140 315 3186 diebus
324 3138 448 3197 ieiunavit
458 3139 577 3186 Dominus
586 3139 671 3196 iesus3
695 3141 790 3200 pientia
796 3139 876 3187 sciens
886 3139 1006 3197 quomedo
1014 3140 1086 3186 retus
1093 3142 1220 3199 peccatum

147 3212 175 3259 ut
185 3223 213 3257 eo
221 3221 322 3257 numero
331 3212 508 3258 consummaret
516 3206 672 3268 hominisqui
695 3208 780 3255 mundi
794 3208 902 3255 solveret
913 3221 919 3253 a
931 3208 1000 3267 quasi
1011 3207 1144 3267 redemtio,
1160 3221 1222 3269 quo·

126 3273 463 3342 'perierat,perlectiouem.
476 3276 672 3336 sicutenimper
696 3275 767 3323 modo
787 3275 913 3322 hominem
933 3277 1064 3323 renovaret
1084 3288 1099 3323 a
1121 3277 1220 3336 culpa:

144 3349 311 3408 appetentiam
321 3347 446 3395 interdicti
457 3346 550 3394 fructus
558 3346 671 3393 amiserat
694 3343 762 3402 quasi
772 3342 946 3402 sanctificatio,
956 3343 1077 3403 quomodo
1085 3355 1142 3391 eum
1150 3357 1221 3394 sanc-

144 3417 257 3477 graiiam,
268 3417 302 3464 ita
313 3429 358 3477 per
368 3415 490 3474 ieiunium
501 3415 608 3474 reparari
617 3416 670 3472 ejus
693 3412 798 3460 tilicarot
813 3412 844 3458 ad
858 3412 969 3470 gratiam.
986 3411 1032 3459 iiic
1047 3423 1105 3473 ergo
1120 3413 1220 3477 titulus,

144 3486 265 3534 virilitem
282 3485 403 3546 oportuit3
419 3485 503 3548 utqui
521 3484 629 3544 perierat
643 3484 669 3531 iu
693 3482 739 3529 hoc
754 3481 914 3542 principium.

145 3552 239 3614 Adam,
261 3555 416 3614 repararetur
436 3553 463 3599 iu
481 3553 585 3600 Christo.
612 3552 669 3599 ideo
726 3551 751 3597 2.
767 3554 854 3599 Beatos
869 3551 910 3610 poi
925 3551 1031 3611 inteiligit
1040 3564 1109 3612 cuper
1123 3566 1220 3614 egenam

145 3635 217 3683 ergo,
231 3625 257 3670 in
265 3624 350 3682 tinem3
361 3621 418 3682 quia
434 3620 488 3681 ipse
498 3621 554 3668 linis
569 3621 607 3667 est
616 3620 669 3680 spei
693 3622 715 3667 et
721 3634 855 3681 pauperesve.
870 3619 942 3678 iperi
954 3622 1110 3679 aurestuas,
1127 3623 1169 3680 qui
1179 3624 1220 3672 in-

144 3691 247 3749 nostrae,
263 3689 295 3735 ad
306 3689 389 3749 ipsum
398 3686 479 3734 studia
493 3687 574 3733 nostra
584 3686 671 3746 dirigi·
694 3687 755 3746 cipis
764 3687 915 3734 sacramenta
925 3687 1059 3734 Dominicae
1073 3700 1220 3747 cognoscere

144 3770 215 3818 urus,
225 3758 256 3805 ad
266 3758 347 3818 ipsum
357 3754 669 3814 votauostraconierimus3
693 3754 820 3813 passionis.
835 3753 893 3802 ideo
907 3753 954 3801 tibi
970 3755 1078 3802 dieitur:
1092 3757 1138 3817 Qui
1151 3757 1221 3804 hehet
1285 3799 1289 3806 Α

144 3827 204 3888 quia
218 3827 272 3886 ipse
288 3828 325 3875 est
338 3823 481 3886 plenitudo,
495 3824 548 3882 ipse
559 3823 597 3870 est
612 3820 671 3871 con-
695 3835 764 3870 aores
779 3822 1072 3880 criminosissimos
1088 3821 1161 3869 surdo
1180 3821 1219 3868 ilii

144 3893 276 3941 summatio
293 3892 479 3948 universorum,
493 3889 547 3949 ipse
560 3891 671 3936 omnium
695 3891 720 3938 et
730 3889 798 3938 muto
808 3903 880 3939 aures
893 3891 919 3939 et
932 3891 999 3937 iahia
1009 3889 1091 3949 tetigit
1101 3888 1219 3936 Dominus

142 3959 375 4008 summavirtutum.
385 3959 451 4015 idco,
456 3959 500 4018 ipsi
505 3957 670 4018 Decid3quasi
694 3958 721 4004 in
731 3959 877 4021 Evangeli03
888 3959 917 4007 ut
927 3957 1002 4006 sciret
1011 3957 1071 4017 quid
1081 3946 1179 4002 audiret
1192 3953 1219 4003 iu

144 4026 171 4081 gi
186 4025 229 4085 qui
245 4027 310 4073 scius
325 4040 358 4073 ex
372 4025 523 4083 omnihusin
538 4036 582 4070 sua
597 4036 670 4072 earne
693 4026 824 4086 mysterio,
842 4026 901 4086 quid
919 4026 995 4072 etiam
1014 4020 1171 4082 loqueretur,
1193 4022 1220 4070 ct

144 4093 227 4144 uosha
241 4087 339 4154 peccata
352 4091 472 4156 suscepit,
486 4093 530 4155 qui
545 4091 609 4142 solus
621 4091 669 4140 Dei
694 4092 952 4156 quaudofloqueretur.
967 4091 1051 4152 licque
1062 4089 1129 4148 enim
1142 4087 1219 4162 otioso
