2760 4794
431 393 463 434 iu
479 393 638 438 PSALMUM
658 395 763 440 CXVIII
779 399 969 447 expostum.
1193 405 1238 463 239
1266 452 1272 457 ,

154 472 228 530 rosis,
244 474 369 533 antequam
388 477 541 523 marcescant.
556 476 587 522 ut
600 473 683 524 inira:
710 477 873 540 demonstrat,
884 482 948 531 sicut
958 485 1118 543 Evangelinm
1129 486 1240 536 demons-

156 542 273 599 anaa'am
284 541 332 589 hoec
343 544 505 602 porsaostro,
516 546 539 591 et
550 543 598 592 hoec
609 557 668 593 sors.
709 546 793 594 travit.
810 549 838 595 in
855 548 909 609 ipso
930 550 998 599 enim
1017 550 1081 599 facie
1099 553 1131 601 ad
1151 554 1239 603 faciem
1260 597 1265 603 .
1285 555 1300 587 >⁸

186 609 225 655 io.
237 609 314 666 Quam
322 621 437 668 maguum
448 611 607 660 contemnere
619 611 685 659 divi-
709 615 948 677 loquebatur31icet
967 620 994 667 in
1012 621 1145 680 Evangelio
1164 613 1238 671 homo

154 674 203 721 tias
213 688 219 721 :
230 677 274 724 sed
289 689 364 736 qnam
378 690 463 725 rarum
478 679 526 726 hoc
542 679 622 739 ipsum
633 680 683 728 est!
708 684 781 732 natus
798 697 832 733 ex
841 687 943 747 virgine
961 688 1238 750 apparuerit,verbum

154 744 245 805 Utique
252 747 278 794 ct
290 748 384 807 hioyses
393 749 475 809 potuit
487 750 552 808 regis
565 763 618 798 esse
629 762 684 798 suc-
707 752 792 799 autem
800 765 828 801 se
839 767 885 815 per
895 768 970 816 opera
981 756 1196 807 demonstraverit.
1207 761 1239 805 Et

153 824 242 875 cessar,
252 817 360 865 nutritas
370 830 385 865 a
397 818 462 876 regis
469 817 528 865 siha.
535 818 617 867 Potuit
627 832 683 879 ergo
706 819 807 869 tortasse
818 823 865 870 hoc
875 823 1026 874 declaratum
1036 827 1070 876 sit
1079 827 1164 887 tioysi,
1172 826 1238 888 quod

153 894 206 930 osse
213 896 263 931 non
272 888 351 933 solum
361 888 431 947 quasi
441 888 548 948 Pharao,
559 889 682 937 sedetiam
706 890 811 949 populus
821 891 960 940 iudaeorum
973 892 1107 944 moriturus
1118 899 1199 954 esset,
1211 899 1236 944 et

153 951 263 1013 Pharao,
284 954 310 1001 et
329 956 423 1002 Pharao
443 956 525 1015 potuit
543 969 597 1004 esee
618 957 682 1006 sicut
705 959 1236 1022 qnodiacieadiaciemtlhristumvidisset‚

152 1019 261 1086 Moyses,
271 1024 378 1082 uterque
393 1021 460 1069 enim
477 1022 549 1070 homo
559 1036 566 1069 a
575 1023 619 1072 sed
629 1037 682 1072 om·
705 1029 731 1074 et
748 1040 797 1077 nou
814 1030 967 1080 credidisset.
980 1032 1051 1090 Quod
1064 1033 1086 1080 si
1100 1033 1132 1080 ad
1145 1034 1236 1093 Leaena

151 1089 190 1136 nie
212 1091 324 1149 potentia
344 1093 452 1140 hominis
471 1092 509 1140 in·
523 1093 614 1141 affectu
633 1095 680 1142 est.
705 1096 898 1155 referas,etiam
915 1101 971 1149 finis
982 1101 1171 1161 Legistihristus
1184 1103 1235 1159 est,

150 1159 246 1219 hioyscs
262 1161 342 1209 noluit
360 1173 407 1208 rex
424 1174 492 1221 esse,
514 1174 570 1210 cum
580 1165 662 1222 posset
674 1153 695 1230 a]
705 1167 1235 1228 sccrmdumiiluddpastoiicam:h'v'aiseoim

149 1228 194 1276 sed
212 1230 370 1289 opprobrium
388 1230 478 1278 Christi
501 1231 624 1280 thesauris
643 1231 811 1287 AE-icioistas
827 1239 861 1284 est
872 1239 998 1285 sesnandum
1013 1239 1098 1298 Lepsios
1113 1241 1178 1286 omni
1187 1253 1236 1287 cre·

149 1298 221 1356 gypti
231 1299 365 1347 arbitratus
376 1297 413 1347 ost
426 1299 605 1359 praeterendum
620 1314 627 1347 ε
638 1302 681 1348 sed
690 1293 695 1375 J
704 1303 774 1350 hiae.
787 1304 816 1349 ut
826 1303 924 1351 mortua
935 1309 972 1354 est
983 1307 1054 1366 hegis
1063 1305 1235 1366 interpretatio

150 1365 267 1426 fugiendo
288 1368 437 1428 potentiam,
457 1369 582 1427 potentior
602 1369 681 1418 iactus
704 1372 848 1431 corporalis,
858 1373 903 1420 ubi
915 1374 1033 1422 Dominus
1043 1374 1151 1422 Christus
1164 1375 1235 1423 iesus

150 1435 678 1498 est;iactareesteuimiadcumregil‘harao.
703 1441 839 1500 spiritaiem
857 1443 912 1501 ejus
926 1446 1030 1504 grattera
1047 1445 1233 1493 demonstravit.

149 1505 205 1551 hex
223 1507 277 1554 erat
293 1507 401 1566 Pharao,
420 1507 464 1554 sed
475 1506 536 1554 deus
545 1520 595 1558 non
605 1511 677 1557 crat:
703 1509 748 1557 t'el
756 1513 823 1560 certe
835 1513 893 1572 quia
909 1526 994 1561 omues
1008 1514 1051 1574 qui
1063 1514 1186 1563 christum
1196 1513 1235 1562 vi·

149 1573 244 1631 hioyses
265 1573 345 1622 iactus
366 1575 404 1622 est
424 1576 463 1623 illi
480 1576 556 1635 deus,
567 1576 612 1623 hos
624 1579 676 1637 est,
701 1577 796 1638 dimus,
809 1581 835 1627 et
848 1581 965 1641 baptizati
983 1584 1010 1629 in
1019 1582 1116 1630 Christo
1133 1595 1231 1640 sumus,

148 1641 203 1701 regi
211 1641 259 1701 ipsi
269 1643 402 1703 terribilis,
413 1656 487 1704 quem
498 1656 544 1692 rex
555 1646 678 1693 metueret
700 1647 792 1693 mortui
807 1661 891 1697 sumas
909 1651 1024 1710 peceato,
1044 1651 1102 1711 quia
1119 1651 1233 1700 viventes

150 1711 289 1759 ettimeret.
301 1711 349 1759 Sed
358 1713 410 1761 haec
421 1714 474 1761 erat
483 1714 596 1772 potentia
607 1726 677 1763 sanc·
699 1713 771 1774 Legis
787 1716 896 1765 vincatis
911 1719 1066 1767 tenebamur.
1080 1717 1126 1766 our
1148 1723 1232 1771 autern

149 1779 367 1830 titatis.1ntalium
377 1785 564 1844 congregatione
575 1784 676 1832 deorum
699 1782 726 1829 in
748 1785 843 1834 Christo
871 1787 1071 1846 mortuisumus,
1092 1789 1233 1837 mortificati
1312 1803 1321 1809 ·

149 1848 216 1896 Deus
231 1850 280 1898 stat
296 1853 370 1910 atque
388 1852 515 1900 discernit.
524 1851 554 1900 nt
564 1853 592 1900 tu
607 1854 677 1902 sivis
699 1849 786 1911 utique
803 1867 888 1903 sumus
898 1856 956 1914 Legi
967 1869 1013 1915 per
1027 1869 1115 1915 corpus
1125 1857 1230 1914 christi3
1306 1858 1311 1864 '

149 1915 384 1976 denspeceatorihus
393 1932 460 1978 esse,
468 1921 556 1968 terrori
566 1920 677 1980 regibus,
699 1919 727 1966 ut
737 1920 813 1969 simus
821 1924 923 1971 atterius
932 1926 976 1982 qui
988 1937 1020 1970 ox
1031 1925 1134 1974 mortuis
1151 1938 1231 1972 resur-

148 1988 296 2036 reverentiae
311 1981 380 2048 aliis}
391 1993 418 2038 ut
432 1992 556 2050 tamquam
569 1991 621 2039 Deo
630 1992 676 2039 tibi
698 1989 888 2038 rameseiam
899 1993 1085 2050 mysticumest.

148 2055 279 2105 videantur
291 2070 344 2106 esse
363 2059 483 2117 sabjecti,
499 2060 677 2119 quiaoperaris
729 2057 768 2104 17.
789 2059 880 2106 hiaraie
897 2061 994 2115 nartem,
1013 2059 1121 2107 historiae
1139 2061 1231 2108 veteris

144 2121 175 2172 n
186 2125 232 2172 Dei
247 2126 347 2174 nomine
358 2140 365 2173 ε
376 2130 504 2175 contemne
523 2140 577 2187 quaa
594 2129 676 2175 saeculi
699 2125 758 2174 iacit
769 2139 812 2174 nos
820 2129 962 2178 meminisse
971 2129 1077 2188 dehere,
1087 2141 1141 2188 quae
1152 2131 1190 2178 est
1199 2131 1230 2178 do

148 2194 676 2256 suat,ctDominicaepassionisopprohrium
698 2197 781 2242 sancto
797 2198 945 2258 Moyse,qui
963 2198 1059 2258 rogavit
1068 2199 1148 2246 Deum
1159 2201 1188 2246 ut
1203 2212 1230 2246 se

148 2262 269 2310 contende
295 2265 409 2311 omnihus
433 2263 550 2323 praeierre
571 2263 675 2312 divitiis.
697 2264 877 2315 demonstraret
897 2267 1014 2324 silicus,
1031 2266 1058 2313 et
1072 2267 1101 2314 ut
1116 2266 1180 2314 iacis
1199 2268 1230 2314 ad

147 2331 310 2391 Opprobrium
324 2332 394 2390 dico,
417 2333 483 2393 quod
497 2333 549 2380 iilis
561 2334 676 2381 videatur
698 2329 787 2378 inciam
798 2345 856 2379 eum
866 2332 1148 2391 videretitoratutiquo
1159 2344 1231 2380 sanc-

145 2401 673 2464 opprotntum,honest,iudaeisseandalum‚
699 2399 1229 2460 tusvatesssominiquodinvisibilemDeum

146 2471 261 2529 gentihus
276 2471 396 2530 stultitia,
414 2471 485 2519 nohis
501 2472 583 2519 autem
595 2471 676 2520 virtus
698 2467 762 2515 iacis
773 2468 805 2515 ad
816 2467 904 2517 taciem
915 2469 1001 2517 videre
1012 2480 1061 2516 non
1072 2468 1155 2528 posset
1166 2483 1173 2516 a
1185 2470 1230 2519 sed

146 2539 194 2586 Dei
214 2541 288 2599 atque
305 2540 435 2600 sapientia.
452 2541 501 2588 Sed
519 2538 566 2588 hoc
582 2541 675 2589 Pharao
698 2537 797 2585 devotio
813 2538 897 2585 sancta
915 2549 1055 2585 mensuram
1073 2539 1229 2597 supergredi-

146 2607 304 2668 opprohrium
315 2610 416 2667 putans.
428 2609 475 2656 hoc
484 2608 536 2667 est,
549 2609 674 2670 inopiam,
698 2605 746 2663 tur,
757 2607 783 2653 et
793 2607 890 2666 putavit
901 2606 953 2652 Deo
964 2605 1040 2654 etiam
1051 2605 1097 2653 hoc
1108 2619 1161 2654 esse
1172 2618 1234 2667 pos·

143 2677 674 2736 ignobilitatem‚contumelias,maluitdia-
697 2674 972 2735 sihi1e3utcorporois
992 2673 1071 2722 oculis
1089 2673 1182 2723 taceret
1202 2677 1228 2722 id

145 2744 195 2790 hoii
208 2757 276 2803 esse,
294 2757 368 2805 wem
387 2744 435 2792 Dei
455 2746 535 2805 portio
551 2744 598 2792 :et
617 2744 674 2794 ideo
696 2742 760 2802 quod
778 2744 817 2791 eat
834 2743 1024 2804 incorporeum,
1040 2743 1226 2803 comprehendi.

145 2812 188 2871 qai
200 2814 252 2861 Deo
263 2814 390 2872 subjectus
405 2824 458 2860 esse
467 2813 581 2870 nolebat,
596 2812 673 2860 inter-
696 2812 748 2858 Non
759 2813 797 2860 eet
814 2812 1017 2872 reprehensibilis
1030 2812 1165 2870 nicanor,
1183 2815 1228 2860 sed

144 2881 249 2929 cessioni
259 2880 367 2929 horninIs
377 2893 403 2928 se
417 2881 471 2940 ipse
484 2881 601 2939 subiecit.
613 2883 674 2941 Ergo
695 2878 772 2927 etiarn
783 2879 851 2938 grata
861 2881 984 2940 cupiditas
1002 2879 1077 2940 atquo
1086 2879 1228 2939 inexplebi-

143 2951 203 3010 quia
221 2952 302 3010 portio
318 2952 364 2999 Dei
378 2952 431 2999 erat
445 2952 543 2999 sanctas
553 2949 673 3010 propheta
696 2946 741 3004 tis,
754 2948 820 3005 quod
830 2948 962 2995 Dominum
976 2960 1049 2994 suum
1066 2947 1137 2994 velut
1152 2959 1226 2995 manu

144 3017 240 3078 David,
256 3012 323 3066 recte
339 3018 375 3065 ait
385 3031 392 3064 ε
401 3020 461 3066 Dixi
478 3020 591 3066 custodire
602 3019 673 3078 tepere
696 3016 797 3072 tenere,
806 3016 833 3062 et
843 3016 931 3064 obtata
947 3016 1075 3062 oculorum
1086 3015 1173 3062 videre
1183 3027 1227 3062 cu-

144 3091 211 3134 taom
222 3102 230 3134 :
240 3087 378 3147 spiritalem
393 3086 481 3144 utique
499 3086 580 3145 legem
597 3085 673 3144 dicit,
695 3083 789 3141 pichot.
800 3082 940 3135 Sciebat-ad
954 3083 1088 3141 imaginem
1097 3082 1125 3129 et
1138 3082 1228 3128 simili-

143 3155 210 3202 sicnt
220 3157 245 3202 ot
260 3155 351 3201 Pauius
368 3153 484 3202 ostendit.
494 3155 555 3200 Nam
564 3154 609 3214 qai
620 3166 674 3202 ror·
695 3151 810 3198 tudinem
827 3149 876 3200 nos
895 3150 989 3198 iactum
1012 3161 1066 3197 esse
1091 3150 1224 3198 hominem.

143 3221 261 3282 poraiiter
272 3223 364 3282 Legem
373 3222 532 3282 interpretati
542 3223 612 3280 stant,
624 3234 673 3269 non
695 3219 797 3278 Quando
806 3220 874 3268 enim
884 3220 979 3267 electus
989 3229 1004 3266 a
1013 3219 1118 3266 Domino
1127 3220 1179 3267 Deo
1189 3222 1227 3269 ost

143 3291 285 3340 custodiunt
298 3293 404 3350 Legem,
416 3290 461 3339 sed
471 3289 672 3350 praevaricantur.
694 3289 727 3337 ad
737 3290 857 3350 populum
870 3288 1041 3347 liberandum,
1056 3286 1175 3347 impletus
1189 3291 1227 3337 est

174 3359 356 3407 inveniamus
369 3358 546 3406 adsecundum
559 3370 672 3417 versum,
695 3360 785 3418 spiritu
795 3359 931 3418 sapientiae.
946 3355 1048 3405 Viderat
1058 3357 1178 3416 Angelum
1195 3357 1226 3406 ii·

142 3431 186 3489 qui
203 3429 239 3477 ita
253 3435 292 3478 est
305 3428 470 3489 :Deprecabar
485 3430 576 3476 nuttam
590 3431 670 3485 taam,
694 3428 747 3476 tum
758 3429 784 3476 et
798 3428 888 3476 taciem
900 3427 954 3484 ejus
970 3427 998 3473 in
1013 3425 1098 3486 gloria.
1112 3425 1225 3487 Deniqm

144 3500 256 3556 Domine,
264 3500 290 3546 in
301 3499 423 3546 totocorde
430 3499 484 3545 haro
493 3511 501 3544 r
509 3498 617 3546 miserere
627 3501 674 3546 mei
694 3496 807 3559 fulgente
822 3498 877 3556 ejas
890 3496 985 3544 iumine
995 3528 1003 3555 ,
1014 3493 1156 3556 paveiactus
1173 3497 1224 3555 est,

142 3568 267 3614 semotam
285 3567 402 3625 choatiam
417 3567 492 3613 taum.
515 3566 629 3627 Legimus
645 3567 671 3613 in
695 3568 721 3614 et
731 3566 794 3615 vidit
800 3567 890 3614 ruham
898 3565 979 3623 uri,et
989 3576 1038 3612 non
1048 3564 1129 3612 exuri.
1141 3564 1224 3616 Visum

143 3635 222 3682 veteri
235 3634 391 3682 'testamento
408 3633 471 3692 qnod
484 3633 629 3693 deprecatus
639 3633 673 3682 sit
696 3636 771 3695 coepit
779 3635 948 3695 fulgoremque
956 3633 1042 3700 mirari
1053 3647 1060 3679 a
1072 3633 1174 3682 accessit
1182 3647 1224 3681 cu·

142 3703 235 3763 hioyses
248 3703 276 3751 ut
291 3703 387 3750 vultum
402 3701 450 3748 Dei
461 3700 574 3761 videret,
588 3704 615 3750 ct
634 3715 672 3750 rc-
695 3704 800 3764 piditate
816 3704 843 3750 et
859 3702 937 3763 pratta
948 3701 1107 3762 provocatus3
1123 3701 1151 3748 ut
1166 3700 1223 3747 diii-

143 3783 257 3831 sponsum
277 3772 311 3819 sit
327 3771 352 3818 ei
369 3785 375 3816 :
393 3771 468 3818 Nemo
487 3770 572 3819 uidebit
585 3770 672 3831 [oriem
694 3771 793 3830 genuus
807 3769 927 3830 iuigorem
940 3770 1012 3818 ilium
1027 3769 1053 3816 ia
1063 3769 1126 3816 rubo
1145 3770 1224 3816 consi·

142 3852 235 3897 aream,
255 3842 277 3888 et
291 3841 358 3890 viaet.
377 3838 478 3898 mystice
498 3837 546 3886 hoc
563 3837 671 3897 primum
695 3841 894 3900 uetareturque
906 3840 1033 3887 aitantum
1048 3836 1224 3895 accepitardo-

119 3954 122 3958 .
142 3907 316 3967 inteiligamus.
328 3908 422 3969 ittoysos
432 3905 503 3966 Legis
512 3905 615 3966 figuram
630 3916 671 3954 ac·
695 3920 762 3968 rem,
778 3908 872 3955 tantam
888 3907 964 3955 subiit
979 3903 1153 3964 cupiditatem,
1167 3915 1222 3950 curn

143 3975 287 4034 cepitthex
296 3989 341 4036 per
348 3975 566 4036 occultamysteria
573 3977 672 4029 nuntiat
696 3975 815 4035 Angelum
830 3974 934 4023 vidisset
947 3974 974 4021 in
993 3973 1090 4020 damma
1108 3970 1171 4031 ignis
1190 3969 1222 4016 de

142 4043 280 4103 christum,
292 4057 340 4094 non
354 4047 437 4094 autem
456 4043 519 4091 facie
536 4043 565 4091 ad
582 4043 670 4092 taciem
683 4043 808 4109 'rub03ut
818 4043 878 4091 licet
888 4053 978 4102 pavore
987 4040 1153 4102 apprehensus
1163 4047 1222 4086 con·-
