<?xml version="1.0" encoding="UTF-8"?>
<!DOCTYPE html PUBLIC "-//W3C//DTD XHTML 1.0 Transitional//EN"
    "http://www.w3.org/TR/xhtml1/DTD/xhtml1-transitional.dtd">
<html xmlns="http://www.w3.org/1999/xhtml" xml:lang="en" lang="en">
 <head>
  <title>
</title>
<meta http-equiv="Content-Type" content="text/html;charset=utf-8" />
  <meta name='ocr-system' content='tesseract 3.04.00' />
  <meta name='ocr-capabilities' content='ocr_page ocr_carea ocr_par ocr_line ocrx_word'/>
</head>
<body>
  <div class='ocr_page' id='page_1' title='image "./operaomnia00ambrgoog/operaomnia00ambrgoog_0212.png"; bbox 0 0 2760 4794; ppageno 0'>
   <div class='ocr_carea' id='block_1_1' title="bbox 371 261 1162 336">
    <p class='ocr_par' dir='ltr' id='par_1_1' title="bbox 371 261 1162 336">
     <span class='ocr_line' id='line_1_1' title="bbox 371 261 1162 336; baseline 0.008 -6"><span class='ocrx_word' id='word_1_1' title='bbox 371 283 404 330; x_wconf 87' lang='lat' dir='ltr'><strong>in</strong></span> <span class='ocrx_word' id='word_1_2' title='bbox 418 287 578 331; x_wconf 79' lang='lat' dir='ltr'><strong>rsnnnun</strong></span> <span class='ocrx_word' id='word_1_3' title='bbox 591 285 650 331; x_wconf 77' lang='lat' dir='ltr'><strong>ixi</strong></span> <span class='ocrx_word' id='word_1_4' title='bbox 664 261 867 335; x_wconf 72' lang='lat' dir='ltr'><strong>unianimo</strong></span> <span class='ocrx_word' id='word_1_5' title='bbox 1116 286 1162 336; x_wconf 74' lang='lat' dir='ltr'><strong>too</strong></span> 
     </span>
    </p>
   </div>
   <div class='ocr_carea' id='block_1_2' title="bbox 10 363 1200 3718">
    <p class='ocr_par' dir='ltr' id='par_1_2' title="bbox 11 363 1200 2069">
     <span class='ocr_line' id='line_1_2' title="bbox 78 363 1164 421; baseline 0.007 -10"><span class='ocrx_word' id='word_1_6' title='bbox 78 373 151 414; x_wconf 84' lang='lat' dir='ltr'><strong>saeos.</strong></span> <span class='ocrx_word' id='word_1_7' title='bbox 163 363 232 415; x_wconf 85' lang='lat' dir='ltr'><strong>llude</strong></span> <span class='ocrx_word' id='word_1_8' title='bbox 243 364 270 416; x_wconf 89' lang='lat' dir='ltr'><strong>et</strong></span> <span class='ocrx_word' id='word_1_9' title='bbox 280 367 362 416; x_wconf 85' lang='lat' dir='ltr'><strong>sancto</strong></span> <span class='ocrx_word' id='word_1_10' title='bbox 375 367 467 416; x_wconf 89' lang='lat' dir='ltr'><strong>dicitnr</strong></span> <span class='ocrx_word' id='word_1_11' title='bbox 477 379 492 414; x_wconf 86' lang='lat' dir='ltr'><strong>a</strong></span> <span class='ocrx_word' id='word_1_12' title='bbox 502 367 606 416; x_wconf 85' lang='lat' dir='ltr'><strong>Domino</strong></span> <span class='ocrx_word' id='word_1_13' title='bbox 631 366 1164 421; x_wconf 80' lang='lat' dir='ltr'><strong>adridendum:sedetiamexistimationem</strong></span> 
     </span>
     <span class='ocr_line' id='line_1_3' title="bbox 79 432 1162 497; baseline 0.009 -19"><span class='ocrx_word' id='word_1_14' title='bbox 79 432 134 480; x_wconf 83' lang='lat' dir='ltr'><strong>Deo</strong></span> <span class='ocrx_word' id='word_1_15' title='bbox 151 434 253 482; x_wconf 79' lang='lat' dir='ltr'><strong>nostro:</strong></span> <span class='ocrx_word' id='word_1_16' title='bbox 267 437 302 482; x_wconf 79' lang='lat' dir='ltr'><strong>To</strong></span> <span class='ocrx_word' id='word_1_17' title='bbox 312 438 392 483; x_wconf 84' lang='lat' dir='ltr'><strong>antem</strong></span> <span class='ocrx_word' id='word_1_18' title='bbox 402 436 439 483; x_wconf 76' lang='lat' dir='ltr'><strong>liic</strong></span> <span class='ocrx_word' id='word_1_19' title='bbox 456 439 492 483; x_wconf 87' lang='lat' dir='ltr'><strong>sto</strong></span> <span class='ocrx_word' id='word_1_20' title='bbox 502 448 606 495; x_wconf 82' lang='lat' dir='ltr'><strong>mecom3</strong></span> <span class='ocrx_word' id='word_1_21' title='bbox 631 447 711 482; x_wconf 88' lang='lat' dir='ltr'><strong>meam</strong></span> <span class='ocrx_word' id='word_1_22' title='bbox 719 438 901 497; x_wconf 89' lang='lat' dir='ltr'><strong>,castimoniam</strong></span> <span class='ocrx_word' id='word_1_23' title='bbox 906 439 1162 488; x_wconf 80' lang='lat' dir='ltr'><strong>meam&#39;sauciaudam</strong></span> 
     </span>
     <span class='ocr_line' id='line_1_4' title="bbox 78 501 1161 568; baseline 0.006 -19"><span class='ocrx_word' id='word_1_24' title='bbox 78 502 195 560; x_wconf 85' lang='lat' dir='ltr'><strong>quoniam</strong></span> <span class='ocrx_word' id='word_1_25' title='bbox 210 503 253 562; x_wconf 87' lang='lat' dir='ltr'><strong>qui</strong></span> <span class='ocrx_word' id='word_1_26' title='bbox 264 503 316 550; x_wconf 89' lang='lat' dir='ltr'><strong>Deo</strong></span> <span class='ocrx_word' id='word_1_27' title='bbox 325 504 451 562; x_wconf 79' lang='lat' dir='ltr'><strong>proximus</strong></span> <span class='ocrx_word' id='word_1_28' title='bbox 462 504 513 562; x_wconf 90' lang='lat' dir='ltr'><strong>est,</strong></span> <span class='ocrx_word' id='word_1_29' title='bbox 527 504 607 563; x_wconf 89' lang='lat' dir='ltr'><strong>lapsui</strong></span> <span class='ocrx_word' id='word_1_30' title='bbox 632 504 699 552; x_wconf 82' lang='lat' dir='ltr'><strong>falsis</strong></span> <span class='ocrx_word' id='word_1_31' title='bbox 718 507 849 555; x_wconf 91' lang='lat' dir='ltr'><strong>calumniis</strong></span> <span class='ocrx_word' id='word_1_32' title='bbox 869 501 1037 568; x_wconf 85' lang='lat' dir='ltr'><strong>putaverunt;</strong></span> <span class='ocrx_word' id='word_1_33' title='bbox 1059 501 1105 556; x_wconf 84' lang='lat' dir='ltr'><strong>boc</strong></span> <span class='ocrx_word' id='word_1_34' title='bbox 1122 508 1161 556; x_wconf 86' lang='lat' dir='ltr'><strong>est</strong></span> 
     </span>
     <span class='ocr_line' id='line_1_5' title="bbox 78 571 1162 637; baseline 0.006 -21"><span class='ocrx_word' id='word_1_35' title='bbox 78 576 128 614; x_wconf 88' lang='lat' dir='ltr'><strong>uon</strong></span> <span class='ocrx_word' id='word_1_36' title='bbox 142 572 223 628; x_wconf 89' lang='lat' dir='ltr'><strong>potest</strong></span> <span class='ocrx_word' id='word_1_37' title='bbox 238 583 290 618; x_wconf 89' lang='lat' dir='ltr'><strong>esse</strong></span> <span class='ocrx_word' id='word_1_38' title='bbox 307 572 411 619; x_wconf 87' lang='lat' dir='ltr'><strong>vicinus.</strong></span> <span class='ocrx_word' id='word_1_39' title='bbox 435 571 519 619; x_wconf 81' lang='lat' dir='ltr'><strong>Omnis</strong></span> <span class='ocrx_word' id='word_1_40' title='bbox 541 573 608 618; x_wconf 85' lang='lat' dir='ltr'><strong>enim</strong></span> <span class='ocrx_word' id='word_1_41' title='bbox 632 573 698 619; x_wconf 90' lang='lat' dir='ltr'><strong>enim</strong></span> <span class='ocrx_word' id='word_1_42' title='bbox 708 586 715 619; x_wconf 81' lang='lat' dir='ltr'><strong>a</strong></span> <span class='ocrx_word' id='word_1_43' title='bbox 726 577 831 623; x_wconf 77' lang='lat' dir='ltr'><strong>Pretium</strong></span> <span class='ocrx_word' id='word_1_44' title='bbox 837 580 1079 637; x_wconf 81' lang='lat' dir='ltr'><strong>menmcoqitoscraut</strong></span> <span class='ocrx_word' id='word_1_45' title='bbox 1089 577 1162 636; x_wconf 82' lang='lat' dir='ltr'><strong>repet-</strong></span> 
     </span>
     <span class='ocr_line' id='line_1_6' title="bbox 11 637 1200 705; baseline 0.01 -24"><span class='ocrx_word' id='word_1_46' title='bbox 11 637 15 643; x_wconf 88' lang='lat'>&#39;</span> <span class='ocrx_word' id='word_1_47' title='bbox 78 637 152 695; x_wconf 92' lang='lat' dir='ltr'><strong>cutpa</strong></span> <span class='ocrx_word' id='word_1_48' title='bbox 162 639 231 685; x_wconf 90' lang='lat' dir='ltr'><strong>velut</strong></span> <span class='ocrx_word' id='word_1_49' title='bbox 240 639 377 687; x_wconf 87' lang='lat' dir='ltr'><strong>adversario</strong></span> <span class='ocrx_word' id='word_1_50' title='bbox 388 639 444 686; x_wconf 93' lang='lat' dir='ltr'><strong>nisu</strong></span> <span class='ocrx_word' id='word_1_51' title='bbox 455 639 485 686; x_wconf 91' lang='lat' dir='ltr'><strong>de</strong></span> <span class='ocrx_word' id='word_1_52' title='bbox 496 639 549 686; x_wconf 95' lang='lat' dir='ltr'><strong>loco</strong></span> <span class='ocrx_word' id='word_1_53' title='bbox 564 640 608 687; x_wconf 89' lang='lat' dir='ltr'><strong>de-</strong></span> <span class='ocrx_word' id='word_1_54' title='bbox 631 641 690 702; x_wconf 82' lang='lat' dir='ltr'><strong>lerc3</strong></span> <span class='ocrx_word' id='word_1_55' title='bbox 708 644 766 702; x_wconf 92' lang='lat' dir='ltr'><strong>quia</strong></span> <span class='ocrx_word' id='word_1_56' title='bbox 786 646 893 704; x_wconf 90' lang='lat' dir='ltr'><strong>prelium</strong></span> <span class='ocrx_word' id='word_1_57' title='bbox 914 647 1023 694; x_wconf 73' lang='lat' dir='ltr'><strong>noenum</strong></span> <span class='ocrx_word' id='word_1_58' title='bbox 1041 645 1161 705; x_wconf 87' lang='lat' dir='ltr'><strong>pudicitia</strong></span> <span class='ocrx_word' id='word_1_59' title='bbox 1198 691 1200 693; x_wconf 83' lang='grc'><em>,</em></span> 
     </span>
     <span class='ocr_line' id='line_1_7' title="bbox 76 703 1160 773; baseline 0.009 -23"><span class='ocrx_word' id='word_1_60' title='bbox 76 703 244 764; x_wconf 65' lang='lat' dir='ltr'><strong>§icere‚etdc</strong></span> <span class='ocrx_word' id='word_1_61' title='bbox 255 707 352 767; x_wconf 91' lang='lat' dir='ltr'><strong>proprio</strong></span> <span class='ocrx_word' id='word_1_62' title='bbox 363 707 543 755; x_wconf 88' lang='lat' dir='ltr'><strong>statumentem</strong></span> <span class='ocrx_word' id='word_1_63' title='bbox 555 721 609 755; x_wconf 90' lang='lat' dir='ltr'><strong>mo-</strong></span> <span class='ocrx_word' id='word_1_64' title='bbox 632 711 690 770; x_wconf 88' lang='lat' dir='ltr'><strong>est,</strong></span> <span class='ocrx_word' id='word_1_65' title='bbox 710 725 765 772; x_wconf 86' lang='lat' dir='ltr'><strong>quae</strong></span> <span class='ocrx_word' id='word_1_66' title='bbox 784 725 829 760; x_wconf 88' lang='lat' dir='ltr'><strong>nos</strong></span> <span class='ocrx_word' id='word_1_67' title='bbox 847 715 945 773; x_wconf 87' lang='lat' dir='ltr'><strong>separat</strong></span> <span class='ocrx_word' id='word_1_68' title='bbox 964 727 978 760; x_wconf 92' lang='lat' dir='ltr'><strong>a</strong></span> <span class='ocrx_word' id='word_1_69' title='bbox 998 706 1160 773; x_wconf 79' lang='lat' dir='ltr'>pecudibus,</span> 
     </span>
     <span class='ocr_line' id='line_1_8' title="bbox 78 777 1161 842; baseline 0.006 -20"><span class='ocrx_word' id='word_1_70' title='bbox 78 784 139 822; x_wconf 81' lang='lat' dir='ltr'><strong>vere</strong></span> <span class='ocrx_word' id='word_1_71' title='bbox 149 777 277 824; x_wconf 87' lang='lat' dir='ltr'><strong>cousuevit</strong></span> <span class='ocrx_word' id='word_1_72' title='bbox 288 790 295 823; x_wconf 76' lang='grc' dir='ltr'><strong>ε</strong></span> <span class='ocrx_word' id='word_1_73' title='bbox 305 778 371 837; x_wconf 92' lang='lat' dir='ltr'><strong>quod</strong></span> <span class='ocrx_word' id='word_1_74' title='bbox 381 779 423 824; x_wconf 85' lang='lat' dir='ltr'><strong>vel</strong></span> <span class='ocrx_word' id='word_1_75' title='bbox 434 779 464 824; x_wconf 91' lang='lat' dir='ltr'><strong>ab</strong></span> <span class='ocrx_word' id='word_1_76' title='bbox 473 779 557 836; x_wconf 88' lang='lat' dir='ltr'><strong>hoste,</strong></span> <span class='ocrx_word' id='word_1_77' title='bbox 567 779 607 826; x_wconf 83' lang='lat' dir='ltr'><strong>vei</strong></span> <span class='ocrx_word' id='word_1_78' title='bbox 631 779 729 838; x_wconf 78' lang='lat' dir='ltr'><strong>Angelis</strong></span> <span class='ocrx_word' id='word_1_79' title='bbox 741 781 832 842; x_wconf 79' lang='lat' dir='ltr'><strong>iungit.</strong></span> <span class='ocrx_word' id='word_1_80' title='bbox 846 783 956 831; x_wconf 82' lang='lat' dir='ltr'><strong>Pretium</strong></span> <span class='ocrx_word' id='word_1_81' title='bbox 965 782 1076 829; x_wconf 88' lang='lat' dir='ltr'><strong>nostrum</strong></span> <span class='ocrx_word' id='word_1_82' title='bbox 1086 781 1161 828; x_wconf 90' lang='lat' dir='ltr'><strong>misc·</strong></span> 
     </span>
     <span class='ocr_line' id='line_1_9' title="bbox 78 841 1195 911; baseline 0.007 -22"><span class='ocrx_word' id='word_1_83' title='bbox 78 841 609 894; x_wconf 80' lang='lat' dir='ltr'><strong>obluctaminetractumvidetur.Perturbat</strong></span> <span class='ocrx_word' id='word_1_84' title='bbox 631 849 736 896; x_wconf 89' lang='lat' dir='ltr'><strong>ricordia</strong></span> <span class='ocrx_word' id='word_1_85' title='bbox 752 853 804 910; x_wconf 89' lang='lat' dir='ltr'><strong>est,</strong></span> <span class='ocrx_word' id='word_1_86' title='bbox 825 865 879 911; x_wconf 86' lang='lat' dir='ltr'><strong>quae</strong></span> <span class='ocrx_word' id='word_1_87' title='bbox 898 864 942 899; x_wconf 91' lang='lat' dir='ltr'><strong>nos</strong></span> <span class='ocrx_word' id='word_1_88' title='bbox 957 851 1016 899; x_wconf 90' lang='lat' dir='ltr'><strong>dnm</strong></span> <span class='ocrx_word' id='word_1_89' title='bbox 1034 849 1160 898; x_wconf 77' lang='lat' dir='ltr'><strong>conterius</strong></span> <span class='ocrx_word' id='word_1_90' title='bbox 1189 841 1195 846; x_wconf 69' lang='grc'><strong><em>’</em></strong></span> 
     </span>
     <span class='ocr_line' id='line_1_10' title="bbox 79 910 1159 979; baseline 0.008 -24"><span class='ocrx_word' id='word_1_91' title='bbox 79 910 130 970; x_wconf 86' lang='lat' dir='ltr'><strong>ira,</strong></span> <span class='ocrx_word' id='word_1_92' title='bbox 142 912 252 961; x_wconf 81' lang='lat' dir='ltr'><strong>incendit</strong></span> <span class='ocrx_word' id='word_1_93' title='bbox 266 914 360 974; x_wconf 85' lang='lat' dir='ltr'><strong>libido,</strong></span> <span class='ocrx_word' id='word_1_94' title='bbox 373 915 606 976; x_wconf 86' lang='lat' dir='ltr'><strong>stimulatinvidia‚</strong></span> <span class='ocrx_word' id='word_1_95' title='bbox 630 915 765 979; x_wconf 68' lang='lat' dir='ltr'><strong>inopibus,</strong></span> <span class='ocrx_word' id='word_1_96' title='bbox 783 919 885 968; x_wconf 77' lang='lat' dir='ltr'><strong>redimit</strong></span> <span class='ocrx_word' id='word_1_97' title='bbox 907 932 922 967; x_wconf 95' lang='lat' dir='ltr'><strong>a</strong></span> <span class='ocrx_word' id='word_1_98' title='bbox 942 920 1030 967; x_wconf 87' lang='lat' dir='ltr'><strong>morte.</strong></span> <span class='ocrx_word' id='word_1_99' title='bbox 1047 911 1159 965; x_wconf 82' lang='lat' dir='ltr'><strong>Pretium</strong></span> 
     </span>
     <span class='ocr_line' id='line_1_11' title="bbox 78 983 1159 1049; baseline 0.006 -23"><span class='ocrx_word' id='word_1_100' title='bbox 78 983 204 1030; x_wconf 83' lang='lat' dir='ltr'><strong>excruciat</strong></span> <span class='ocrx_word' id='word_1_101' title='bbox 212 984 330 1043; x_wconf 80' lang='lat' dir='ltr'><strong>avaritia,</strong></span> <span class='ocrx_word' id='word_1_102' title='bbox 345 984 419 1032; x_wconf 87' lang='lat' dir='ltr'><strong>timor</strong></span> <span class='ocrx_word' id='word_1_103' title='bbox 429 986 530 1045; x_wconf 72' lang='lat' dir='ltr'><strong>dejicit,</strong></span> <span class='ocrx_word' id='word_1_104' title='bbox 546 998 608 1032; x_wconf 89' lang='lat' dir='ltr'><strong>moe·</strong></span> <span class='ocrx_word' id='word_1_105' title='bbox 630 987 740 1034; x_wconf 90' lang='lat' dir='ltr'><strong>nostrum</strong></span> <span class='ocrx_word' id='word_1_106' title='bbox 750 987 812 1036; x_wconf 83' lang='lat' dir='ltr'><strong>fides</strong></span> <span class='ocrx_word' id='word_1_107' title='bbox 822 990 874 1049; x_wconf 90' lang='lat' dir='ltr'><strong>est,</strong></span> <span class='ocrx_word' id='word_1_108' title='bbox 884 1002 939 1049; x_wconf 76' lang='lat' dir='ltr'><strong>quaa</strong></span> <span class='ocrx_word' id='word_1_109' title='bbox 951 1000 1035 1036; x_wconf 88' lang='lat' dir='ltr'><strong>omnes</strong></span> <span class='ocrx_word' id='word_1_110' title='bbox 1045 988 1159 1034; x_wconf 84' lang='lat' dir='ltr'><strong>homines</strong></span> 
     </span>
     <span class='ocr_line' id='line_1_12' title="bbox 78 1049 1182 1115; baseline 0.006 -20"><span class='ocrx_word' id='word_1_111' title='bbox 78 1049 608 1110; x_wconf 74' lang='lat' dir='ltr'><strong>roraitligitAEtPetrodictumestaDomino</strong></span> <span class='ocrx_word' id='word_1_112' title='bbox 629 1054 717 1112; x_wconf 78' lang='lat' dir='ltr'><strong>gentili</strong></span> <span class='ocrx_word' id='word_1_113' title='bbox 738 1068 821 1104; x_wconf 91' lang='lat' dir='ltr'><strong>errore</strong></span> <span class='ocrx_word' id='word_1_114' title='bbox 843 1057 868 1104; x_wconf 90' lang='lat' dir='ltr'><strong>et</strong></span> <span class='ocrx_word' id='word_1_115' title='bbox 888 1055 1009 1104; x_wconf 79' lang='lat' dir='ltr'><strong>servitute</strong></span> <span class='ocrx_word' id='word_1_116' title='bbox 1030 1049 1182 1115; x_wconf 81' lang='lat' dir='ltr'><strong>depressos·</strong></span> 
     </span>
     <span class='ocr_line' id='line_1_13' title="bbox 76 1119 1159 1183; baseline 0.003 -20"><span class='ocrx_word' id='word_1_117' title='bbox 76 1119 135 1165; x_wconf 84' lang='lat' dir='ltr'><strong>lesu</strong></span> <span class='ocrx_word' id='word_1_118' title='bbox 151 1132 158 1164; x_wconf 79' lang='lat' dir='ltr'><strong>a</strong></span> <span class='ocrx_word' id='word_1_119' title='bbox 172 1121 233 1168; x_wconf 83' lang='lat' dir='ltr'><strong>Veni</strong></span> <span class='ocrx_word' id='word_1_120' title='bbox 247 1124 311 1168; x_wconf 85' lang='lat' dir='ltr'><strong>retro</strong></span> <span class='ocrx_word' id='word_1_121' title='bbox 324 1125 375 1183; x_wconf 86' lang='lat' dir='ltr'><strong>post</strong></span> <span class='ocrx_word' id='word_1_122' title='bbox 390 1136 435 1170; x_wconf 87' lang='lat' dir='ltr'><strong>mc.</strong></span> <span class='ocrx_word' id='word_1_123' title='bbox 454 1124 507 1169; x_wconf 89' lang='lat' dir='ltr'><strong>Non</strong></span> <span class='ocrx_word' id='word_1_124' title='bbox 523 1122 606 1170; x_wconf 79' lang='lat' dir='ltr'><strong>dixit:</strong></span> <span class='ocrx_word' id='word_1_125' title='bbox 629 1120 724 1169; x_wconf 78' lang='lat' dir='ltr'><strong>christo</strong></span> <span class='ocrx_word' id='word_1_126' title='bbox 751 1122 894 1182; x_wconf 82' lang='lat' dir='ltr'><strong>adquisivit.</strong></span> <span class='ocrx_word' id='word_1_127' title='bbox 919 1122 1029 1170; x_wconf 83' lang='lat' dir='ltr'><strong>Pretium</strong></span> <span class='ocrx_word' id='word_1_128' title='bbox 1048 1119 1159 1168; x_wconf 84' lang='lat' dir='ltr'><strong>nostrum</strong></span> 
     </span>
     <span class='ocr_line' id='line_1_14' title="bbox 78 1184 1160 1253; baseline 0.001 -19"><span class='ocrx_word' id='word_1_129' title='bbox 78 1187 141 1234; x_wconf 87' lang='lat' dir='ltr'><strong>Veni</strong></span> <span class='ocrx_word' id='word_1_130' title='bbox 150 1188 215 1235; x_wconf 89' lang='lat' dir='ltr'><strong>retro</strong></span> <span class='ocrx_word' id='word_1_131' title='bbox 227 1186 360 1249; x_wconf 90' lang='lat' dir='ltr'><strong>(hocenim</strong></span> <span class='ocrx_word' id='word_1_132' title='bbox 368 1190 464 1237; x_wconf 91' lang='lat' dir='ltr'><strong>diabolo</strong></span> <span class='ocrx_word' id='word_1_133' title='bbox 472 1191 517 1237; x_wconf 90' lang='lat' dir='ltr'><strong>soli</strong></span> <span class='ocrx_word' id='word_1_134' title='bbox 524 1189 606 1253; x_wconf 84' lang='lat' dir='ltr'><strong>dixit)</strong></span> <span class='ocrx_word' id='word_1_135' title='bbox 630 1188 692 1235; x_wconf 89' lang='lat' dir='ltr'><strong>bona</strong></span> <span class='ocrx_word' id='word_1_136' title='bbox 704 1190 855 1238; x_wconf 80' lang='lat' dir='ltr'><strong>existimatio</strong></span> <span class='ocrx_word' id='word_1_137' title='bbox 871 1192 922 1250; x_wconf 83' lang='lat' dir='ltr'><strong>est3</strong></span> <span class='ocrx_word' id='word_1_138' title='bbox 935 1191 994 1250; x_wconf 93' lang='lat' dir='ltr'><strong>quia</strong></span> <span class='ocrx_word' id='word_1_139' title='bbox 1003 1184 1160 1247; x_wconf 83' lang='lat' dir='ltr'><strong>uniuscuius-</strong></span> 
     </span>
     <span class='ocr_line' id='line_1_15' title="bbox 77 1255 1161 1318; baseline 0 -16"><span class='ocrx_word' id='word_1_140' title='bbox 77 1255 122 1302; x_wconf 85' lang='lat' dir='ltr'><strong>sed</strong></span> <span class='ocrx_word' id='word_1_141' title='bbox 133 1258 214 1305; x_wconf 70' lang='lat' dir='ltr'><strong>:Veni</strong></span> <span class='ocrx_word' id='word_1_142' title='bbox 224 1260 286 1304; x_wconf 84' lang='lat' dir='ltr'><strong>retro</strong></span> <span class='ocrx_word' id='word_1_143' title='bbox 295 1260 347 1316; x_wconf 86' lang='lat' dir='ltr'><strong>post</strong></span> <span class='ocrx_word' id='word_1_144' title='bbox 359 1270 409 1318; x_wconf 66' lang='grc' dir='ltr'><strong>πως</strong></span> <span class='ocrx_word' id='word_1_145' title='bbox 423 1270 472 1305; x_wconf 90' lang='lat' dir='ltr'><strong>non</strong></span> <span class='ocrx_word' id='word_1_146' title='bbox 486 1258 525 1304; x_wconf 84' lang='lat' dir='ltr'><strong>est</strong></span> <span class='ocrx_word' id='word_1_147' title='bbox 539 1259 607 1305; x_wconf 90' lang='lat' dir='ltr'><strong>enim</strong></span> <span class='ocrx_word' id='word_1_148' title='bbox 630 1267 678 1314; x_wconf 90' lang='lat' dir='ltr'><strong>que</strong></span> <span class='ocrx_word' id='word_1_149' title='bbox 690 1257 800 1304; x_wconf 81' lang='lat' dir='ltr'><strong>nostrum</strong></span> <span class='ocrx_word' id='word_1_150' title='bbox 811 1259 955 1306; x_wconf 88' lang='lat' dir='ltr'><strong>meritorum</strong></span> <span class='ocrx_word' id='word_1_151' title='bbox 966 1256 1043 1305; x_wconf 87' lang='lat' dir='ltr'><strong>series</strong></span> <span class='ocrx_word' id='word_1_152' title='bbox 1051 1256 1161 1303; x_wconf 64' lang='lat' dir='ltr'><strong>milma-</strong></span> 
     </span>
     <span class='ocr_line' id='line_1_16' title="bbox 76 1323 1160 1384; baseline 0.002 -15"><span class='ocrx_word' id='word_1_153' title='bbox 76 1324 158 1382; x_wconf 89' lang='lat' dir='ltr'><strong>rctro,</strong></span> <span class='ocrx_word' id='word_1_154' title='bbox 168 1324 211 1382; x_wconf 91' lang='lat' dir='ltr'><strong>qui</strong></span> <span class='ocrx_word' id='word_1_155' title='bbox 225 1324 281 1382; x_wconf 89' lang='lat' dir='ltr'><strong>post</strong></span> <span class='ocrx_word' id='word_1_156' title='bbox 290 1324 412 1371; x_wconf 85' lang='lat' dir='ltr'><strong>Christum</strong></span> <span class='ocrx_word' id='word_1_157' title='bbox 424 1327 471 1372; x_wconf 90' lang='lat' dir='ltr'><strong>est.</strong></span> <span class='ocrx_word' id='word_1_158' title='bbox 485 1325 534 1372; x_wconf 88' lang='lat' dir='ltr'><strong>Sed</strong></span> <span class='ocrx_word' id='word_1_159' title='bbox 548 1326 607 1384; x_wconf 87' lang='lat' dir='ltr'><strong>qnia</strong></span> <span class='ocrx_word' id='word_1_160' title='bbox 630 1323 679 1370; x_wconf 89' lang='lat' dir='ltr'><strong>tur.</strong></span> <span class='ocrx_word' id='word_1_161' title='bbox 698 1325 807 1373; x_wconf 85' lang='lat' dir='ltr'><strong>Pretium</strong></span> <span class='ocrx_word' id='word_1_162' title='bbox 818 1328 931 1372; x_wconf 89' lang='lat' dir='ltr'><strong>nostrum</strong></span> <span class='ocrx_word' id='word_1_163' title='bbox 944 1323 1067 1371; x_wconf 89' lang='lat' dir='ltr'><strong>munditia</strong></span> <span class='ocrx_word' id='word_1_164' title='bbox 1084 1324 1160 1384; x_wconf 85' lang='lat' dir='ltr'><strong>atque</strong></span> 
     </span>
     <span class='ocr_line' id='line_1_17' title="bbox 78 1390 1158 1455; baseline 0.002 -18"><span class='ocrx_word' id='word_1_165' title='bbox 78 1391 176 1438; x_wconf 86' lang='lat' dir='ltr'><strong>errabat</strong></span> <span class='ocrx_word' id='word_1_166' title='bbox 184 1392 283 1450; x_wconf 87' lang='lat' dir='ltr'><strong>Petrus,</strong></span> <span class='ocrx_word' id='word_1_167' title='bbox 302 1390 366 1438; x_wconf 88' lang='lat' dir='ltr'><strong>sicut</strong></span> <span class='ocrx_word' id='word_1_168' title='bbox 376 1392 495 1439; x_wconf 80' lang='lat' dir='ltr'><strong>Dominus</strong></span> <span class='ocrx_word' id='word_1_169' title='bbox 507 1393 560 1452; x_wconf 89' lang='lat' dir='ltr'><strong>ipse</strong></span> <span class='ocrx_word' id='word_1_170' title='bbox 572 1393 608 1441; x_wconf 89' lang='lat' dir='ltr'><strong>ait</strong></span> <span class='ocrx_word' id='word_1_171' title='bbox 631 1393 776 1452; x_wconf 79' lang='lat' dir='ltr'><strong>simplicitas</strong></span> <span class='ocrx_word' id='word_1_172' title='bbox 797 1395 835 1441; x_wconf 89' lang='lat' dir='ltr'><strong>est</strong></span> <span class='ocrx_word' id='word_1_173' title='bbox 850 1406 858 1452; x_wconf 85' lang='lat'>3</span> <span class='ocrx_word' id='word_1_174' title='bbox 874 1395 933 1455; x_wconf 91' lang='lat' dir='ltr'><strong>quia</strong></span> <span class='ocrx_word' id='word_1_175' title='bbox 953 1393 1072 1452; x_wconf 89' lang='lat' dir='ltr'><strong>scriptum</strong></span> <span class='ocrx_word' id='word_1_176' title='bbox 1096 1393 1158 1439; x_wconf 83' lang='lat' dir='ltr'><strong>ests</strong></span> 
     </span>
     <span class='ocr_line' id='line_1_18' title="bbox 76 1458 1160 1521; baseline -0.001 -15"><span class='ocrx_word' id='word_1_177' title='bbox 76 1459 110 1506; x_wconf 90' lang='lat' dir='ltr'><strong>ad</strong></span> <span class='ocrx_word' id='word_1_178' title='bbox 121 1459 200 1517; x_wconf 91' lang='lat' dir='ltr'><strong>ipsum</strong></span> <span class='ocrx_word' id='word_1_179' title='bbox 213 1459 541 1520; x_wconf 79' lang='lat' dir='ltr'><strong>:Qnioaonsopis,inquit‚</strong></span> <span class='ocrx_word' id='word_1_180' title='bbox 552 1475 606 1520; x_wconf 76' lang='lat' dir='ltr'><strong>quos</strong></span> <span class='ocrx_word' id='word_1_181' title='bbox 629 1462 744 1508; x_wconf 77' lang='lat' dir='ltr'><strong>Possessio</strong></span> <span class='ocrx_word' id='word_1_182' title='bbox 767 1464 870 1521; x_wconf 78' lang='lat' dir='ltr'><strong>pretioso</strong></span> <span class='ocrx_word' id='word_1_183' title='bbox 889 1465 928 1509; x_wconf 82' lang='lat' dir='ltr'><strong>vir</strong></span> <span class='ocrx_word' id='word_1_184' title='bbox 947 1462 1072 1520; x_wconf 54' lang='lat' dir='ltr'><strong>mondum</strong></span> <span class='ocrx_word' id='word_1_185' title='bbox 1093 1458 1160 1507; x_wconf 87' lang='lat' dir='ltr'><strong>nibli</strong></span> 
     </span>
     <span class='ocr_line' id='line_1_19' title="bbox 76 1528 1174 1589; baseline -0.001 -13"><span class='ocrx_word' id='word_1_186' title='bbox 76 1529 123 1576; x_wconf 77' lang='lat' dir='ltr'><strong>Dei</strong></span> <span class='ocrx_word' id='word_1_187' title='bbox 137 1531 204 1584; x_wconf 83' lang='lat' dir='ltr'><strong>sans,</strong></span> <span class='ocrx_word' id='word_1_188' title='bbox 219 1530 257 1576; x_wconf 86' lang='lat' dir='ltr'><strong>scd</strong></span> <span class='ocrx_word' id='word_1_189' title='bbox 268 1541 320 1588; x_wconf 78' lang='lat' dir='ltr'><strong>quor</strong></span> <span class='ocrx_word' id='word_1_190' title='bbox 334 1531 389 1576; x_wconf 83' lang='lat' dir='ltr'><strong>snat</strong></span> <span class='ocrx_word' id='word_1_191' title='bbox 400 1529 534 1588; x_wconf 62' lang='lat' dir='ltr'><strong>bominum</strong></span> <span class='ocrx_word' id='word_1_192' title='bbox 549 1528 606 1576; x_wconf 90' lang='lat' dir='ltr'><strong>ideo</strong></span> <span class='ocrx_word' id='word_1_193' title='bbox 629 1530 695 1575; x_wconf 90' lang='lat' dir='ltr'><strong>cuim</strong></span> <span class='ocrx_word' id='word_1_194' title='bbox 717 1530 849 1588; x_wconf 85' lang='lat' dir='ltr'><strong>pretiosius</strong></span> <span class='ocrx_word' id='word_1_195' title='bbox 870 1530 924 1578; x_wconf 86' lang='lat' dir='ltr'><strong>viro</strong></span> <span class='ocrx_word' id='word_1_196' title='bbox 949 1529 1067 1589; x_wconf 85' lang='lat' dir='ltr'><strong>simplici.</strong></span> <span class='ocrx_word' id='word_1_197' title='bbox 1087 1528 1158 1575; x_wconf 83' lang='lat' dir='ltr'><strong>Unde</strong></span> <span class='ocrx_word' id='word_1_198' title='bbox 1173 1562 1174 1565; x_wconf 66' lang='lat'>,</span> 
     </span>
     <span class='ocr_line' id='line_1_20' title="bbox 77 1595 1157 1657; baseline -0.001 -13"><span class='ocrx_word' id='word_1_199' title='bbox 77 1598 132 1657; x_wconf 89' lang='lat' dir='ltr'><strong>post</strong></span> <span class='ocrx_word' id='word_1_200' title='bbox 142 1610 182 1644; x_wconf 90' lang='lat' dir='ltr'><strong>me</strong></span> <span class='ocrx_word' id='word_1_201' title='bbox 191 1597 263 1656; x_wconf 85' lang='lat' dir='ltr'><strong>veui,</strong></span> <span class='ocrx_word' id='word_1_202' title='bbox 274 1598 302 1644; x_wconf 90' lang='lat' dir='ltr'><strong>nt</strong></span> <span class='ocrx_word' id='word_1_203' title='bbox 310 1597 414 1656; x_wconf 87' lang='lat' dir='ltr'><strong>incipias</strong></span> <span class='ocrx_word' id='word_1_204' title='bbox 423 1609 472 1644; x_wconf 92' lang='lat' dir='ltr'><strong>uon</strong></span> <span class='ocrx_word' id='word_1_205' title='bbox 481 1599 604 1657; x_wconf 88' lang='lat' dir='ltr'><strong>bumana,</strong></span> <span class='ocrx_word' id='word_1_206' title='bbox 628 1596 754 1655; x_wconf 76' lang='lat' dir='ltr'><strong>spostolus</strong></span> <span class='ocrx_word' id='word_1_207' title='bbox 772 1599 877 1656; x_wconf 85' lang='lat' dir='ltr'><strong>pulcre:</strong></span> <span class='ocrx_word' id='word_1_208' title='bbox 893 1599 1042 1654; x_wconf 75' lang='lat' dir='ltr'><strong>Abnisdosit,</strong></span> <span class='ocrx_word' id='word_1_209' title='bbox 1060 1595 1157 1656; x_wconf 84' lang='lat' dir='ltr'><strong>inquit,</strong></span> 
     </span>
     <span class='ocr_line' id='line_1_21' title="bbox 75 1665 1157 1731; baseline -0.003 -17"><span class='ocrx_word' id='word_1_210' title='bbox 75 1667 120 1714; x_wconf 87' lang='lat' dir='ltr'><strong>sed</strong></span> <span class='ocrx_word' id='word_1_211' title='bbox 138 1666 223 1718; x_wconf 81' lang='lat' dir='ltr'><strong>divina</strong></span> <span class='ocrx_word' id='word_1_212' title='bbox 241 1666 342 1713; x_wconf 84' lang='lat' dir='ltr'><strong>sentire.</strong></span> <span class='ocrx_word' id='word_1_213' title='bbox 356 1666 414 1712; x_wconf 89' lang='lat' dir='ltr'><strong>ideo</strong></span> <span class='ocrx_word' id='word_1_214' title='bbox 430 1666 456 1712; x_wconf 89' lang='lat' dir='ltr'><strong>et</strong></span> <span class='ocrx_word' id='word_1_215' title='bbox 470 1666 511 1713; x_wconf 91' lang='lat' dir='ltr'><strong>hic</strong></span> <span class='ocrx_word' id='word_1_216' title='bbox 525 1665 605 1724; x_wconf 85' lang='lat' dir='ltr'><strong>justus</strong></span> <span class='ocrx_word' id='word_1_217' title='bbox 626 1669 653 1714; x_wconf 84' lang='lat' dir='ltr'><strong>in</strong></span> <span class='ocrx_word' id='word_1_218' title='bbox 668 1668 750 1715; x_wconf 82' lang='lat' dir='ltr'><strong>divitiis</strong></span> <span class='ocrx_word' id='word_1_219' title='bbox 761 1669 915 1728; x_wconf 83' lang='lat' dir='ltr'><strong>simplicitatis</strong></span> <span class='ocrx_word' id='word_1_220' title='bbox 935 1679 993 1716; x_wconf 83' lang='lat' dir='ltr'><strong>snoe.</strong></span> <span class='ocrx_word' id='word_1_221' title='bbox 1004 1666 1077 1731; x_wconf 17' lang='lat' dir='ltr'><strong>*Quid</strong></span> <span class='ocrx_word' id='word_1_222' title='bbox 1088 1665 1157 1712; x_wconf 88' lang='lat' dir='ltr'><strong>euim</strong></span> 
     </span>
     <span class='ocr_line' id='line_1_22' title="bbox 77 1732 1157 1794; baseline -0.002 -12"><span class='ocrx_word' id='word_1_223' title='bbox 77 1735 210 1794; x_wconf 89' lang='lat' dir='ltr'><strong>rapiendus</strong></span> <span class='ocrx_word' id='word_1_224' title='bbox 229 1746 244 1782; x_wconf 93' lang='lat' dir='ltr'><strong>e</strong></span> <span class='ocrx_word' id='word_1_225' title='bbox 265 1734 338 1782; x_wconf 89' lang='lat' dir='ltr'><strong>terris</strong></span> <span class='ocrx_word' id='word_1_226' title='bbox 353 1733 407 1780; x_wconf 88' lang='lat' dir='ltr'><strong>ait:</strong></span> <span class='ocrx_word' id='word_1_227' title='bbox 424 1736 478 1782; x_wconf 84' lang='lat' dir='ltr'><strong>lton</strong></span> <span class='ocrx_word' id='word_1_228' title='bbox 497 1735 605 1782; x_wconf 74' lang='lat' dir='ltr'><strong>movebor</strong></span> <span class='ocrx_word' id='word_1_229' title='bbox 626 1733 785 1792; x_wconf 81' lang='lat' dir='ltr'><strong>simplicitate</strong></span> <span class='ocrx_word' id='word_1_230' title='bbox 807 1734 883 1782; x_wconf 86' lang='lat' dir='ltr'><strong>ditius</strong></span> <span class='ocrx_word' id='word_1_231' title='bbox 894 1746 901 1779; x_wconf 76' lang='grc' dir='ltr'><strong><em>ε</em></strong></span> <span class='ocrx_word' id='word_1_232' title='bbox 912 1746 967 1793; x_wconf 90' lang='lat' dir='ltr'><strong>quae</strong></span> <span class='ocrx_word' id='word_1_233' title='bbox 991 1732 1056 1780; x_wconf 90' lang='lat' dir='ltr'><strong>sicut</strong></span> <span class='ocrx_word' id='word_1_234' title='bbox 1077 1732 1157 1780; x_wconf 85' lang='lat' dir='ltr'><strong>bouus</strong></span> 
     </span>
     <span class='ocr_line' id='line_1_23' title="bbox 77 1802 1156 1864; baseline -0.005 -12"><span class='ocrx_word' id='word_1_235' title='bbox 77 1805 185 1864; x_wconf 82' lang='lat' dir='ltr'><strong>emplius.</strong></span> <span class='ocrx_word' id='word_1_236' title='bbox 204 1804 303 1852; x_wconf 76' lang='lat' dir='ltr'><strong>Dimotss&#39;</strong></span> <span class='ocrx_word' id='word_1_237' title='bbox 313 1805 389 1860; x_wconf 84' lang='lat' dir='ltr'><strong>enim,</strong></span> <span class='ocrx_word' id='word_1_238' title='bbox 401 1805 423 1850; x_wconf 87' lang='lat' dir='ltr'><strong>ct</strong></span> <span class='ocrx_word' id='word_1_239' title='bbox 440 1815 493 1849; x_wconf 81' lang='lat' dir='ltr'><strong>cum</strong></span> <span class='ocrx_word' id='word_1_240' title='bbox 513 1803 605 1850; x_wconf 81' lang='lat' dir='ltr'><strong>cbristo</strong></span> <span class='ocrx_word' id='word_1_241' title='bbox 626 1802 802 1862; x_wconf 81' lang='lat' dir='ltr'><strong>paterfamilias</strong></span> <span class='ocrx_word' id='word_1_242' title='bbox 812 1804 871 1851; x_wconf 86' lang='lat' dir='ltr'><strong>satis</strong></span> <span class='ocrx_word' id='word_1_243' title='bbox 880 1803 927 1850; x_wconf 89' lang='lat' dir='ltr'><strong>sibi</strong></span> <span class='ocrx_word' id='word_1_244' title='bbox 940 1802 1064 1861; x_wconf 82' lang='lat' dir='ltr'><strong>abundat,</strong></span> <span class='ocrx_word' id='word_1_245' title='bbox 1075 1802 1100 1849; x_wconf 89' lang='lat' dir='ltr'><strong>et</strong></span> <span class='ocrx_word' id='word_1_246' title='bbox 1111 1811 1156 1848; x_wconf 87' lang='lat' dir='ltr'><strong>sua</strong></span> 
     </span>
     <span class='ocr_line' id='line_1_24' title="bbox 76 1868 1156 1932; baseline -0.005 -12"><span class='ocrx_word' id='word_1_247' title='bbox 76 1886 137 1928; x_wconf 81' lang='lat' dir='ltr'><strong>csse,</strong></span> <span class='ocrx_word' id='word_1_248' title='bbox 146 1868 605 1929; x_wconf 74' lang='lat' dir='ltr'><strong>madiomelios.ltonenimlabipoterit</strong></span> <span class='ocrx_word' id='word_1_249' title='bbox 626 1872 734 1931; x_wconf 90' lang='lat' dir='ltr'><strong>puritate</strong></span> <span class='ocrx_word' id='word_1_250' title='bbox 744 1870 1156 1932; x_wconf 79' lang='lat' dir='ltr'><strong>conteuta‚nouquaeritalienum,</strong></span> 
     </span>
     <span class='ocr_line' id='line_1_25' title="bbox 77 1932 1157 2000; baseline -0.005 -14"><span class='ocrx_word' id='word_1_251' title='bbox 77 1939 121 2000; x_wconf 91' lang='lat' dir='ltr'><strong>qui</strong></span> <span class='ocrx_word' id='word_1_252' title='bbox 130 1938 605 1999; x_wconf 84' lang='lat' dir='ltr'><strong>coeperitessecomcbrist03quiamors</strong></span> <span class='ocrx_word' id='word_1_253' title='bbox 626 1952 673 1987; x_wconf 92' lang='lat' dir='ltr'><strong>nec</strong></span> <span class='ocrx_word' id='word_1_254' title='bbox 684 1941 795 2000; x_wconf 79' lang='lat' dir='ltr'><strong>abrodit3</strong></span> <span class='ocrx_word' id='word_1_255' title='bbox 816 1941 860 1989; x_wconf 92' lang='lat' dir='ltr'><strong>sed</strong></span> <span class='ocrx_word' id='word_1_256' title='bbox 878 1940 909 1988; x_wconf 91' lang='lat' dir='ltr'><strong>de</strong></span> <span class='ocrx_word' id='word_1_257' title='bbox 923 1953 948 1987; x_wconf 86' lang='lat' dir='ltr'><strong>se</strong></span> <span class='ocrx_word' id='word_1_258' title='bbox 959 1939 1060 1987; x_wconf 78' lang='lat' dir='ltr'><strong>caeteros</strong></span> <span class='ocrx_word' id='word_1_259' title='bbox 1070 1932 1157 1995; x_wconf 73' lang='lat' dir='ltr'><strong>nugati</strong></span> 
     </span>
     <span class='ocr_line' id='line_1_26' title="bbox 76 2005 1156 2069; baseline -0.005 -13"><span class='ocrx_word' id='word_1_260' title='bbox 76 2009 141 2067; x_wconf 83' lang='lat' dir='ltr'><strong>iusto</strong></span> <span class='ocrx_word' id='word_1_261' title='bbox 151 2021 200 2056; x_wconf 93' lang='lat' dir='ltr'><strong>uon</strong></span> <span class='ocrx_word' id='word_1_262' title='bbox 211 2009 386 2069; x_wconf 69' lang='lat' dir='ltr'><strong>statuminis,</strong></span> <span class='ocrx_word' id='word_1_263' title='bbox 397 2009 440 2056; x_wconf 89' lang='lat' dir='ltr'><strong>sed</strong></span> <span class='ocrx_word' id='word_1_264' title='bbox 449 2010 527 2068; x_wconf 89' lang='lat' dir='ltr'><strong>culpae</strong></span> <span class='ocrx_word' id='word_1_265' title='bbox 538 2009 584 2057; x_wconf 85' lang='lat' dir='ltr'><strong>est.</strong></span> <span class='ocrx_word' id='word_1_266' title='bbox 627 2009 745 2056; x_wconf 85' lang='lat' dir='ltr'><strong>innocens</strong></span> <span class='ocrx_word' id='word_1_267' title='bbox 755 2009 824 2056; x_wconf 91' lang='lat' dir='ltr'><strong>enim</strong></span> <span class='ocrx_word' id='word_1_268' title='bbox 837 2009 916 2057; x_wconf 87' lang='lat' dir='ltr'><strong>credit</strong></span> <span class='ocrx_word' id='word_1_269' title='bbox 926 2007 994 2055; x_wconf 84' lang='lat' dir='ltr'><strong>omni</strong></span> <span class='ocrx_word' id='word_1_270' title='bbox 1005 2005 1096 2063; x_wconf 86' lang='lat' dir='ltr'><strong>verbo,</strong></span> <span class='ocrx_word' id='word_1_271' title='bbox 1107 2015 1156 2052; x_wconf 86' lang='lat' dir='ltr'><strong>uec</strong></span> 
     </span>
    </p>

    <p class='ocr_par' dir='ltr' id='par_1_3' title="bbox 10 2072 1194 2757">
     <span class='ocr_line' id='line_1_27' title="bbox 10 2072 1157 2138; baseline 0 -18"><span class='ocrx_word' id='word_1_272' title='bbox 10 2117 13 2120; x_wconf 11' lang='grc' dir='ltr'><em>Δ</em></span> <span class='ocrx_word' id='word_1_273' title='bbox 107 2077 147 2125; x_wconf 77' lang='lat'><strong>20.</strong></span> <span class='ocrx_word' id='word_1_274' title='bbox 161 2078 230 2124; x_wconf 90' lang='lat' dir='ltr'><strong>inter</strong></span> <span class='ocrx_word' id='word_1_275' title='bbox 247 2077 292 2123; x_wconf 88' lang='lat' dir='ltr'><strong>bas</strong></span> <span class='ocrx_word' id='word_1_276' title='bbox 304 2089 377 2125; x_wconf 87' lang='lat' dir='ltr'><strong>voces</strong></span> <span class='ocrx_word' id='word_1_277' title='bbox 390 2077 470 2125; x_wconf 84' lang='lat' dir='ltr'><strong>subito</strong></span> <span class='ocrx_word' id='word_1_278' title='bbox 483 2077 553 2124; x_wconf 83' lang='lat' dir='ltr'><strong>videt</strong></span> <span class='ocrx_word' id='word_1_279' title='bbox 566 2090 606 2137; x_wconf 80' lang='lat' dir='ltr'><strong>ag·</strong></span> <span class='ocrx_word' id='word_1_280' title='bbox 627 2090 653 2125; x_wconf 89' lang='lat' dir='ltr'><strong>se</strong></span> <span class='ocrx_word' id='word_1_281' title='bbox 663 2078 690 2125; x_wconf 92' lang='lat' dir='ltr'><strong>in</strong></span> <span class='ocrx_word' id='word_1_282' title='bbox 701 2078 765 2126; x_wconf 84' lang='lat' dir='ltr'><strong>artes</strong></span> <span class='ocrx_word' id='word_1_283' title='bbox 773 2079 853 2127; x_wconf 89' lang='lat' dir='ltr'><strong>varias</strong></span> <span class='ocrx_word' id='word_1_284' title='bbox 861 2091 926 2138; x_wconf 83' lang='lat' dir='ltr'><strong>saepe</strong></span> <span class='ocrx_word' id='word_1_285' title='bbox 934 2076 1082 2134; x_wconf 85' lang='lat' dir='ltr'><strong>commutat3</strong></span> <span class='ocrx_word' id='word_1_286' title='bbox 1091 2072 1157 2122; x_wconf 87' lang='lat' dir='ltr'><strong>sicut</strong></span> 
     </span>
     <span class='ocr_line' id='line_1_28' title="bbox 76 2143 1155 2208; baseline -0.003 -15"><span class='ocrx_word' id='word_1_287' title='bbox 76 2148 145 2194; x_wconf 87' lang='lat' dir='ltr'><strong>mina</strong></span> <span class='ocrx_word' id='word_1_288' title='bbox 154 2146 371 2206; x_wconf 86' lang='lat' dir='ltr'><strong>persequentium,</strong></span> <span class='ocrx_word' id='word_1_289' title='bbox 383 2148 408 2194; x_wconf 90' lang='lat' dir='ltr'><strong>et</strong></span> <span class='ocrx_word' id='word_1_290' title='bbox 418 2146 484 2193; x_wconf 91' lang='lat' dir='ltr'><strong>iuter</strong></span> <span class='ocrx_word' id='word_1_291' title='bbox 495 2147 606 2205; x_wconf 87' lang='lat' dir='ltr'><strong>pericula</strong></span> <span class='ocrx_word' id='word_1_292' title='bbox 627 2148 716 2196; x_wconf 93' lang='lat' dir='ltr'><strong>astutia</strong></span> <span class='ocrx_word' id='word_1_293' title='bbox 726 2161 781 2208; x_wconf 83' lang='lat' dir='ltr'><strong>quae</strong></span> <span class='ocrx_word' id='word_1_294' title='bbox 792 2148 821 2194; x_wconf 89' lang='lat' dir='ltr'><strong>ut</strong></span> <span class='ocrx_word' id='word_1_295' title='bbox 833 2148 865 2195; x_wconf 86' lang='lat' dir='ltr'><strong>sit</strong></span> <span class='ocrx_word' id='word_1_296' title='bbox 877 2147 962 2205; x_wconf 83' lang='lat' dir='ltr'><strong>cauta,</strong></span> <span class='ocrx_word' id='word_1_297' title='bbox 973 2146 1047 2193; x_wconf 89' lang='lat' dir='ltr'><strong>timet</strong></span> <span class='ocrx_word' id='word_1_298' title='bbox 1057 2143 1155 2201; x_wconf 90' lang='lat' dir='ltr'><strong>omnia,</strong></span> 
     </span>
     <span class='ocr_line' id='line_1_29' title="bbox 77 2213 1156 2276; baseline -0.004 -14"><span class='ocrx_word' id='word_1_299' title='bbox 77 2216 170 2276; x_wconf 88' lang='lat' dir='ltr'><strong>positus</strong></span> <span class='ocrx_word' id='word_1_300' title='bbox 180 2228 228 2262; x_wconf 95' lang='lat' dir='ltr'><strong>non</strong></span> <span class='ocrx_word' id='word_1_301' title='bbox 239 2215 270 2263; x_wconf 89' lang='lat' dir='ltr'><strong>dc</strong></span> <span class='ocrx_word' id='word_1_302' title='bbox 282 2228 309 2263; x_wconf 88' lang='lat' dir='ltr'><strong>se</strong></span> <span class='ocrx_word' id='word_1_303' title='bbox 321 2215 440 2263; x_wconf 88' lang='lat' dir='ltr'><strong>sollicitus</strong></span> <span class='ocrx_word' id='word_1_304' title='bbox 451 2227 458 2274; x_wconf 81' lang='lat'><em>3</em></span> <span class='ocrx_word' id='word_1_305' title='bbox 470 2215 513 2262; x_wconf 89' lang='lat' dir='ltr'><strong>sed</strong></span> <span class='ocrx_word' id='word_1_306' title='bbox 524 2216 555 2263; x_wconf 88' lang='lat' dir='ltr'><strong>de</strong></span> <span class='ocrx_word' id='word_1_307' title='bbox 566 2217 606 2265; x_wconf 88' lang='lat' dir='ltr'><strong>his</strong></span> <span class='ocrx_word' id='word_1_308' title='bbox 627 2228 707 2264; x_wconf 88' lang='lat' dir='ltr'><strong>necse</strong></span> <span class='ocrx_word' id='word_1_309' title='bbox 717 2216 887 2263; x_wconf 89' lang='lat' dir='ltr'><strong>consiliissuis</strong></span> <span class='ocrx_word' id='word_1_310' title='bbox 897 2215 977 2262; x_wconf 86' lang='lat' dir='ltr'><strong>credit</strong></span> <span class='ocrx_word' id='word_1_311' title='bbox 987 2226 995 2260; x_wconf 73' lang='grc' dir='ltr'><strong><em>ε</em></strong></span> <span class='ocrx_word' id='word_1_312' title='bbox 1007 2213 1156 2261; x_wconf 85' lang='lat' dir='ltr'><strong>versatsuas</strong></span> 
     </span>
     <span class='ocr_line' id='line_1_30' title="bbox 75 2277 1156 2344; baseline -0.005 -13"><span class='ocrx_word' id='word_1_313' title='bbox 75 2296 139 2343; x_wconf 88' lang='lat' dir='ltr'><strong>quos</strong></span> <span class='ocrx_word' id='word_1_314' title='bbox 155 2284 261 2331; x_wconf 89' lang='lat' dir='ltr'><strong>liberare</strong></span> <span class='ocrx_word' id='word_1_315' title='bbox 270 2282 402 2342; x_wconf 81' lang='lat' dir='ltr'><strong>cupiebat,</strong></span> <span class='ocrx_word' id='word_1_316' title='bbox 416 2283 451 2329; x_wconf 93' lang='lat' dir='ltr'><strong>ait</strong></span> <span class='ocrx_word' id='word_1_317' title='bbox 462 2296 469 2328; x_wconf 77' lang='lat' dir='ltr'><strong>a</strong></span> <span class='ocrx_word' id='word_1_318' title='bbox 482 2285 605 2344; x_wconf 78' lang='lat' dir='ltr'><strong>Quousque</strong></span> <span class='ocrx_word' id='word_1_319' title='bbox 628 2285 680 2343; x_wconf 89' lang='lat' dir='ltr'><strong>ipsa</strong></span> <span class='ocrx_word' id='word_1_320' title='bbox 702 2285 844 2332; x_wconf 86' lang='lat' dir='ltr'><strong>sententias.</strong></span> <span class='ocrx_word' id='word_1_321' title='bbox 856 2280 1007 2342; x_wconf 86' lang='lat' dir='ltr'><strong>Simplicitas</strong></span> <span class='ocrx_word' id='word_1_322' title='bbox 1022 2280 1105 2328; x_wconf 88' lang='lat' dir='ltr'><strong>antem</strong></span> <span class='ocrx_word' id='word_1_323' title='bbox 1123 2277 1156 2326; x_wconf 91' lang='lat' dir='ltr'><strong>ti·</strong></span> 
     </span>
     <span class='ocr_line' id='line_1_31' title="bbox 75 2352 1194 2412; baseline -0.004 -13"><span class='ocrx_word' id='word_1_324' title='bbox 75 2354 167 2400; x_wconf 85' lang='lat' dir='ltr'><strong>irroitis</strong></span> <span class='ocrx_word' id='word_1_325' title='bbox 183 2353 210 2398; x_wconf 80' lang='lat' dir='ltr'><strong>ia</strong></span> <span class='ocrx_word' id='word_1_326' title='bbox 228 2352 359 2409; x_wconf 75' lang='lat' dir='ltr'><strong>tramissem,</strong></span> <span class='ocrx_word' id='word_1_327' title='bbox 375 2352 535 2409; x_wconf 77' lang='lat' dir='ltr'><strong>interficientes</strong></span> <span class='ocrx_word' id='word_1_328' title='bbox 550 2353 606 2399; x_wconf 83' lang='lat' dir='ltr'><strong>uai—</strong></span> <span class='ocrx_word' id='word_1_329' title='bbox 628 2366 694 2401; x_wconf 90' lang='lat' dir='ltr'><strong>mere</strong></span> <span class='ocrx_word' id='word_1_330' title='bbox 704 2354 741 2402; x_wconf 94' lang='lat' dir='ltr'><strong>nil</strong></span> <span class='ocrx_word' id='word_1_331' title='bbox 757 2353 835 2402; x_wconf 86' lang='lat' dir='ltr'><strong>novit.</strong></span> <span class='ocrx_word' id='word_1_332' title='bbox 844 2354 895 2400; x_wconf 90' lang='lat' dir='ltr'><strong>lloc</strong></span> <span class='ocrx_word' id='word_1_333' title='bbox 906 2352 982 2412; x_wconf 78' lang='lat' dir='ltr'><strong>igitur</strong></span> <span class='ocrx_word' id='word_1_334' title='bbox 992 2361 1083 2410; x_wconf 78' lang='lat' dir='ltr'><strong>genere</strong></span> <span class='ocrx_word' id='word_1_335' title='bbox 1097 2359 1156 2408; x_wconf 88' lang='lat' dir='ltr'><strong>pre·</strong></span> <span class='ocrx_word' id='word_1_336' title='bbox 1188 2372 1194 2378; x_wconf 93' lang='lat'><em>-</em></span> 
     </span>
     <span class='ocr_line' id='line_1_32' title="bbox 75 2414 1155 2482; baseline -0.006 -14"><span class='ocrx_word' id='word_1_337' title='bbox 75 2419 169 2469; x_wconf 75' lang='lat' dir='ltr'><strong>corsos?</strong></span> <span class='ocrx_word' id='word_1_338' title='bbox 178 2420 203 2467; x_wconf 89' lang='lat' dir='ltr'><strong>Si</strong></span> <span class='ocrx_word' id='word_1_339' title='bbox 213 2432 254 2467; x_wconf 93' lang='lat' dir='ltr'><strong>me</strong></span> <span class='ocrx_word' id='word_1_340' title='bbox 264 2420 389 2479; x_wconf 68' lang='lat' dir='ltr'><strong>queritis,</strong></span> <span class='ocrx_word' id='word_1_341' title='bbox 402 2432 446 2466; x_wconf 91' lang='lat' dir='ltr'><strong>cur</strong></span> <span class='ocrx_word' id='word_1_342' title='bbox 455 2419 516 2466; x_wconf 86' lang='lat' dir='ltr'><strong>alios</strong></span> <span class='ocrx_word' id='word_1_343' title='bbox 530 2420 605 2467; x_wconf 83' lang='lat' dir='ltr'><strong>vultis</strong></span> <span class='ocrx_word' id='word_1_344' title='bbox 628 2423 690 2469; x_wconf 89' lang='lat' dir='ltr'><strong>tium</strong></span> <span class='ocrx_word' id='word_1_345' title='bbox 698 2422 759 2482; x_wconf 85' lang='lat' dir='ltr'><strong>justi</strong></span> <span class='ocrx_word' id='word_1_346' title='bbox 770 2423 892 2482; x_wconf 89' lang='lat' dir='ltr'><strong>repellere</strong></span> <span class='ocrx_word' id='word_1_347' title='bbox 908 2416 1080 2476; x_wconf 82' lang='lat' dir='ltr'><strong>tentaverunt3</strong></span> <span class='ocrx_word' id='word_1_348' title='bbox 1091 2416 1117 2463; x_wconf 92' lang='lat' dir='ltr'><strong>et</strong></span> <span class='ocrx_word' id='word_1_349' title='bbox 1132 2414 1155 2463; x_wconf 88' lang='lat' dir='ltr'><strong>sl</strong></span> 
     </span>
     <span class='ocr_line' id='line_1_33' title="bbox 76 2482 1156 2550; baseline -0.006 -14"><span class='ocrx_word' id='word_1_350' title='bbox 76 2482 208 2536; x_wconf 78' lang='lat' dir='ltr'><strong>occideret</strong></span> <span class='ocrx_word' id='word_1_351' title='bbox 228 2487 308 2535; x_wconf 88' lang='lat' dir='ltr'><strong>Oilero</strong></span> <span class='ocrx_word' id='word_1_352' title='bbox 325 2499 365 2535; x_wconf 90' lang='lat' dir='ltr'><strong>me</strong></span> <span class='ocrx_word' id='word_1_353' title='bbox 380 2488 432 2548; x_wconf 85' lang='lat' dir='ltr'><strong>ipse</strong></span> <span class='ocrx_word' id='word_1_354' title='bbox 446 2500 491 2548; x_wconf 90' lang='lat' dir='ltr'><strong>pro</strong></span> <span class='ocrx_word' id='word_1_355' title='bbox 506 2488 603 2548; x_wconf 86' lang='lat' dir='ltr'><strong>muitis3</strong></span> <span class='ocrx_word' id='word_1_356' title='bbox 626 2492 736 2550; x_wconf 86' lang='lat' dir='ltr'><strong>possitet</strong></span> <span class='ocrx_word' id='word_1_357' title='bbox 746 2492 808 2540; x_wconf 94' lang='lat' dir='ltr'><strong>illud</strong></span> <span class='ocrx_word' id='word_1_358' title='bbox 816 2487 1001 2549; x_wconf 73' lang='lat' dir='ltr'><strong>iutelligi,quia</strong></span> <span class='ocrx_word' id='word_1_359' title='bbox 1008 2482 1156 2542; x_wconf 68' lang='lat' dir='ltr'><strong>nummatus</strong></span> 
     </span>
     <span class='ocr_line' id='line_1_34' title="bbox 77 2554 1154 2623; baseline -0.003 -20"><span class='ocrx_word' id='word_1_360' title='bbox 77 2557 136 2617; x_wconf 88' lang='lat' dir='ltr'><strong>quia</strong></span> <span class='ocrx_word' id='word_1_361' title='bbox 153 2570 197 2617; x_wconf 91' lang='lat' dir='ltr'><strong>pro</strong></span> <span class='ocrx_word' id='word_1_362' title='bbox 216 2557 329 2623; x_wconf 82' lang='lat' dir='ltr'><strong>omuibus</strong></span> <span class='ocrx_word' id='word_1_363' title='bbox 347 2558 412 2604; x_wconf 86' lang='lat' dir='ltr'><strong>solus</strong></span> <span class='ocrx_word' id='word_1_364' title='bbox 423 2570 449 2605; x_wconf 90' lang='lat' dir='ltr'><strong>se</strong></span> <span class='ocrx_word' id='word_1_365' title='bbox 468 2556 511 2604; x_wconf 91' lang='lat' dir='ltr'><strong>ille</strong></span> <span class='ocrx_word' id='word_1_366' title='bbox 523 2557 605 2617; x_wconf 90' lang='lat' dir='ltr'><strong>potuit</strong></span> <span class='ocrx_word' id='word_1_367' title='bbox 625 2561 740 2608; x_wconf 89' lang='lat' dir='ltr'><strong>manibus</strong></span> <span class='ocrx_word' id='word_1_368' title='bbox 750 2559 917 2620; x_wconf 84' lang='lat' dir='ltr'><strong>accipiebant,</strong></span> <span class='ocrx_word' id='word_1_369' title='bbox 929 2556 1002 2604; x_wconf 90' lang='lat' dir='ltr'><strong>corde</strong></span> <span class='ocrx_word' id='word_1_370' title='bbox 1013 2554 1102 2601; x_wconf 91' lang='lat' dir='ltr'><strong>intimo</strong></span> <span class='ocrx_word' id='word_1_371' title='bbox 1113 2564 1154 2600; x_wconf 93' lang='lat' dir='ltr'><strong>re-</strong></span> 
     </span>
     <span class='ocr_line' id='line_1_35' title="bbox 73 2622 1159 2691; baseline -0.003 -19"><span class='ocrx_word' id='word_1_372' title='bbox 73 2627 180 2686; x_wconf 86' lang='lat' dir='ltr'><strong>oilerre,</strong></span> <span class='ocrx_word' id='word_1_373' title='bbox 194 2626 237 2687; x_wconf 91' lang='lat' dir='ltr'><strong>qni</strong></span> <span class='ocrx_word' id='word_1_374' title='bbox 254 2628 339 2674; x_wconf 87' lang='lat' dir='ltr'><strong>auctor</strong></span> <span class='ocrx_word' id='word_1_375' title='bbox 350 2627 388 2674; x_wconf 90' lang='lat' dir='ltr'><strong>est</strong></span> <span class='ocrx_word' id='word_1_376' title='bbox 397 2625 515 2674; x_wconf 90' lang='lat' dir='ltr'><strong>omnium.</strong></span> <span class='ocrx_word' id='word_1_377' title='bbox 524 2627 604 2686; x_wconf 91' lang='lat' dir='ltr'><strong>Ipsius</strong></span> <span class='ocrx_word' id='word_1_378' title='bbox 625 2630 765 2691; x_wconf 81' lang='lat' dir='ltr'><strong>pellebant,</strong></span> <span class='ocrx_word' id='word_1_379' title='bbox 774 2622 1099 2691; x_wconf 85' lang='lat' dir='ltr'><strong>praedamtenentes,fidem</strong></span> <span class='ocrx_word' id='word_1_380' title='bbox 1108 2632 1159 2669; x_wconf 61' lang='lat' dir='ltr'><strong>ne*</strong></span> 
     </span>
     <span class='ocr_line' id='line_1_36' title="bbox 77 2695 1065 2757; baseline 0.006 -15"><span class='ocrx_word' id='word_1_381' title='bbox 77 2707 135 2754; x_wconf 73' lang='lat' dir='ltr'><strong>ergo</strong></span> <span class='ocrx_word' id='word_1_382' title='bbox 150 2708 225 2756; x_wconf 90' lang='lat' dir='ltr'><strong>quem</strong></span> <span class='ocrx_word' id='word_1_383' title='bbox 235 2696 383 2756; x_wconf 85' lang='lat' dir='ltr'><strong>sequebatur</strong></span> <span class='ocrx_word' id='word_1_384' title='bbox 394 2695 547 2743; x_wconf 90' lang='lat' dir='ltr'><strong>imitatorait</strong></span> <span class='ocrx_word' id='word_1_385' title='bbox 558 2709 565 2742; x_wconf 79' lang='lat' dir='ltr'><strong>a</strong></span> <span class='ocrx_word' id='word_1_386' title='bbox 576 2698 604 2745; x_wconf 87' lang='lat' dir='ltr'><strong>Si</strong></span> <span class='ocrx_word' id='word_1_387' title='bbox 625 2700 718 2757; x_wconf 72' lang='lat' dir='ltr'><strong>gauses.</strong></span> <span class='ocrx_word' id='word_1_388' title='bbox 1064 2697 1065 2701; x_wconf 73' lang='grc'>’</span> 
     </span>
    </p>

    <p class='ocr_par' dir='ltr' id='par_1_4' title="bbox 76 2763 1156 3718">
     <span class='ocr_line' id='line_1_37' title="bbox 76 2763 1155 2826; baseline -0.004 -15"><span class='ocrx_word' id='word_1_389' title='bbox 76 2777 114 2812; x_wconf 85' lang='lat' dir='ltr'><strong>mc</strong></span> <span class='ocrx_word' id='word_1_390' title='bbox 124 2767 241 2825; x_wconf 78' lang='lat' dir='ltr'><strong>queritis,</strong></span> <span class='ocrx_word' id='word_1_391' title='bbox 252 2763 366 2813; x_wconf 82' lang='lat' dir='ltr'><strong>siaitcbos</strong></span> <span class='ocrx_word' id='word_1_392' title='bbox 376 2765 441 2814; x_wconf 83' lang='lat' dir='ltr'><strong>obire</strong></span> <span class='ocrx_word' id='word_1_393' title='bbox 450 2779 459 2826; x_wconf 89' lang='lat'>;</span> <span class='ocrx_word' id='word_1_394' title='bbox 468 2768 495 2812; x_wconf 84' lang='lat' dir='ltr'><strong>at</strong></span> <span class='ocrx_word' id='word_1_395' title='bbox 505 2766 604 2825; x_wconf 84' lang='lat' dir='ltr'><strong>impleo·</strong></span> <span class='ocrx_word' id='word_1_396' title='bbox 655 2768 694 2817; x_wconf 72' lang='lat'><strong>22.</strong></span> <span class='ocrx_word' id='word_1_397' title='bbox 706 2769 777 2817; x_wconf 85' lang='lat' dir='ltr'><strong>Unde</strong></span> <span class='ocrx_word' id='word_1_398' title='bbox 796 2769 822 2816; x_wconf 92' lang='lat' dir='ltr'><strong>et</strong></span> <span class='ocrx_word' id='word_1_399' title='bbox 836 2769 887 2816; x_wconf 86' lang='lat' dir='ltr'><strong>ait:</strong></span> <span class='ocrx_word' id='word_1_400' title='bbox 901 2767 1001 2816; x_wconf 81' lang='lat' dir='ltr'><strong>conarri</strong></span> <span class='ocrx_word' id='word_1_401' title='bbox 1010 2767 1035 2813; x_wconf 82' lang='lat' dir='ltr'><strong>in</strong></span> <span class='ocrx_word' id='word_1_402' title='bbox 1051 2763 1104 2822; x_wconf 81' lang='lat' dir='ltr'><strong>siii3</strong></span> <span class='ocrx_word' id='word_1_403' title='bbox 1124 2770 1155 2807; x_wconf 90' lang='lat' dir='ltr'><strong>eo</strong></span> 
     </span>
     <span class='ocr_line' id='line_1_38' title="bbox 77 2832 1155 2905; baseline -0.006 -24"><span class='ocrx_word' id='word_1_404' title='bbox 77 2836 117 2881; x_wconf 81' lang='lat' dir='ltr'><strong>tar</strong></span> <span class='ocrx_word' id='word_1_405' title='bbox 129 2849 205 2882; x_wconf 75' lang='lat' dir='ltr'><strong>mmo</strong></span> <span class='ocrx_word' id='word_1_406' title='bbox 222 2849 290 2896; x_wconf 77' lang='lat' dir='ltr'><strong>qoem</strong></span> <span class='ocrx_word' id='word_1_407' title='bbox 306 2836 367 2882; x_wconf 83' lang='lat' dir='ltr'><strong>discit</strong></span> <span class='ocrx_word' id='word_1_408' title='bbox 382 2837 448 2883; x_wconf 74' lang='lat' dir='ltr'><strong>iestis</strong></span> <span class='ocrx_word' id='word_1_409' title='bbox 459 2849 467 2882; x_wconf 93' lang='grc'><strong>.·</strong></span> <span class='ocrx_word' id='word_1_410' title='bbox 480 2837 541 2896; x_wconf 80' lang='lat' dir='ltr'><strong>Quia</strong></span> <span class='ocrx_word' id='word_1_411' title='bbox 555 2848 604 2882; x_wconf 83' lang='lat' dir='ltr'><strong>noa</strong></span> <span class='ocrx_word' id='word_1_412' title='bbox 625 2836 691 2896; x_wconf 91' lang='lat' dir='ltr'><strong>quod</strong></span> <span class='ocrx_word' id='word_1_413' title='bbox 704 2838 778 2885; x_wconf 88' lang='lat' dir='ltr'><strong>tidem</strong></span> <span class='ocrx_word' id='word_1_414' title='bbox 793 2839 928 2898; x_wconf 77' lang='lat' dir='ltr'><strong>quaereret,</strong></span> <span class='ocrx_word' id='word_1_415' title='bbox 945 2835 970 2881; x_wconf 90' lang='lat' dir='ltr'><strong>et</strong></span> <span class='ocrx_word' id='word_1_416' title='bbox 981 2832 1093 2880; x_wconf 89' lang='lat' dir='ltr'><strong>invenire</strong></span> <span class='ocrx_word' id='word_1_417' title='bbox 1105 2838 1155 2905; x_wconf 75' lang='lat' dir='ltr'><strong>nou</strong></span> 
     </span>
     <span class='ocr_line' id='line_1_39' title="bbox 76 2903 1154 2966; baseline -0.006 -15"><span class='ocrx_word' id='word_1_418' title='bbox 76 2906 165 2966; x_wconf 85' lang='lat' dir='ltr'><strong>perdidi</strong></span> <span class='ocrx_word' id='word_1_419' title='bbox 176 2919 207 2952; x_wconf 78' lang='lat' dir='ltr'><strong>cc</strong></span> <span class='ocrx_word' id='word_1_420' title='bbox 217 2906 271 2965; x_wconf 86' lang='lat' dir='ltr'><strong>ipsis</strong></span> <span class='ocrx_word' id='word_1_421' title='bbox 281 2918 421 2965; x_wconf 80' lang='lat' dir='ltr'><strong>quemqnam</strong></span> <span class='ocrx_word' id='word_1_422' title='bbox 434 2908 520 2964; x_wconf 86' lang='lat' dir='ltr'><strong>proeter</strong></span> <span class='ocrx_word' id='word_1_423' title='bbox 529 2919 604 2952; x_wconf 82' lang='lat' dir='ltr'><strong>annm</strong></span> <span class='ocrx_word' id='word_1_424' title='bbox 625 2906 720 2964; x_wconf 86' lang='lat' dir='ltr'><strong>posset,</strong></span> <span class='ocrx_word' id='word_1_425' title='bbox 737 2906 894 2953; x_wconf 89' lang='lat' dir='ltr'><strong>destitutusa</strong></span> <span class='ocrx_word' id='word_1_426' title='bbox 910 2903 998 2960; x_wconf 85' lang='lat' dir='ltr'><strong>sociis,</strong></span> <span class='ocrx_word' id='word_1_427' title='bbox 1019 2912 1034 2946; x_wconf 86' lang='lat' dir='ltr'><strong>a</strong></span> <span class='ocrx_word' id='word_1_428' title='bbox 1049 2907 1154 2958; x_wconf 76' lang='lat' dir='ltr'><strong>proprus</strong></span> 
     </span>
     <span class='ocr_line' id='line_1_40' title="bbox 76 2963 1155 3034; baseline -0.006 -15"><span class='ocrx_word' id='word_1_429' title='bbox 76 2971 141 3034; x_wconf 85' lang='lat' dir='ltr'><strong>(hoc</strong></span> <span class='ocrx_word' id='word_1_430' title='bbox 159 2973 269 3020; x_wconf 87' lang='lat' dir='ltr'><strong>enimin</strong></span> <span class='ocrx_word' id='word_1_431' title='bbox 287 2973 335 3018; x_wconf 93' lang='lat' dir='ltr'><strong>alio</strong></span> <span class='ocrx_word' id='word_1_432' title='bbox 350 2973 414 3018; x_wconf 89' lang='lat' dir='ltr'><strong>libro</strong></span> <span class='ocrx_word' id='word_1_433' title='bbox 422 2973 544 3020; x_wconf 88' lang='lat' dir='ltr'><strong>sententia</strong></span> <span class='ocrx_word' id='word_1_434' title='bbox 554 2974 605 3020; x_wconf 88' lang='lat' dir='ltr'><strong>Do·</strong></span> <span class='ocrx_word' id='word_1_435' title='bbox 627 2963 1155 3023; x_wconf 75' lang='lat' dir='ltr'><strong>derelictusslcnominantesnmlegimus</strong></span> 
     </span>
     <span class='ocr_line' id='line_1_41' title="bbox 76 3030 1154 3100; baseline -0.004 -12"><span class='ocrx_word' id='word_1_436' title='bbox 76 3041 139 3088; x_wconf 93' lang='lat' dir='ltr'><strong>mini</strong></span> <span class='ocrx_word' id='word_1_437' title='bbox 165 3037 382 3100; x_wconf 81' lang='lat' dir='ltr'><strong>comprehendit);</strong></span> <span class='ocrx_word' id='word_1_438' title='bbox 395 3040 437 3098; x_wconf 90' lang='lat' dir='ltr'><strong>qui</strong></span> <span class='ocrx_word' id='word_1_439' title='bbox 457 3040 541 3086; x_wconf 89' lang='lat' dir='ltr'><strong>tamen</strong></span> <span class='ocrx_word' id='word_1_440' title='bbox 562 3052 605 3089; x_wconf 88' lang='lat' dir='ltr'><strong>sua</strong></span> <span class='ocrx_word' id='word_1_441' title='bbox 627 3039 653 3085; x_wconf 91' lang='lat' dir='ltr'><strong>in</strong></span> <span class='ocrx_word' id='word_1_442' title='bbox 671 3041 803 3100; x_wconf 77' lang='lat' dir='ltr'><strong>Evangelio</strong></span> <span class='ocrx_word' id='word_1_443' title='bbox 823 3041 849 3086; x_wconf 88' lang='lat' dir='ltr'><strong>et</strong></span> <span class='ocrx_word' id='word_1_444' title='bbox 864 3037 991 3093; x_wconf 85' lang='lat' dir='ltr'><strong>esurisse,</strong></span> <span class='ocrx_word' id='word_1_445' title='bbox 1010 3035 1035 3080; x_wconf 89' lang='lat' dir='ltr'><strong>et</strong></span> <span class='ocrx_word' id='word_1_446' title='bbox 1055 3030 1154 3084; x_wconf 72' lang='lat' dir='ltr'><strong>sitisset</strong></span> 
     </span>
     <span class='ocr_line' id='line_1_42' title="bbox 76 3094 1155 3168; baseline -0.013 -12"><span class='ocrx_word' id='word_1_447' title='bbox 76 3110 155 3168; x_wconf 76' lang='lat' dir='ltr'><strong>magis</strong></span> <span class='ocrx_word' id='word_1_448' title='bbox 181 3108 258 3167; x_wconf 88' lang='lat' dir='ltr'><strong>periit</strong></span> <span class='ocrx_word' id='word_1_449' title='bbox 278 3107 420 3165; x_wconf 90' lang='lat' dir='ltr'><strong>voluntate,</strong></span> <span class='ocrx_word' id='word_1_450' title='bbox 441 3120 514 3166; x_wconf 89' lang='lat' dir='ltr'><strong>quam</strong></span> <span class='ocrx_word' id='word_1_451' title='bbox 532 3120 605 3168; x_wconf 89' lang='lat' dir='ltr'><strong>mea,</strong></span> <span class='ocrx_word' id='word_1_452' title='bbox 628 3123 685 3158; x_wconf 89' lang='lat' dir='ltr'><strong>cum</strong></span> <span class='ocrx_word' id='word_1_453' title='bbox 704 3108 810 3155; x_wconf 86' lang='lat' dir='ltr'><strong>esuriret</strong></span> <span class='ocrx_word' id='word_1_454' title='bbox 834 3107 908 3153; x_wconf 78' lang='lat' dir='ltr'><strong>fidem</strong></span> <span class='ocrx_word' id='word_1_455' title='bbox 933 3102 1054 3156; x_wconf 87' lang='lat' dir='ltr'><strong>nostram,</strong></span> <span class='ocrx_word' id='word_1_456' title='bbox 1073 3094 1155 3143; x_wconf 85' lang='lat' dir='ltr'><strong>sitiret</strong></span> 
     </span>
     <span class='ocr_line' id='line_1_43' title="bbox 77 3165 1156 3240; baseline -0.011 -16"><span class='ocrx_word' id='word_1_457' title='bbox 77 3176 174 3236; x_wconf 86' lang='lat' dir='ltr'><strong>inquit,</strong></span> <span class='ocrx_word' id='word_1_458' title='bbox 184 3175 315 3223; x_wconf 88' lang='lat' dir='ltr'><strong>severitate</strong></span> <span class='ocrx_word' id='word_1_459' title='bbox 327 3176 428 3234; x_wconf 91' lang='lat' dir='ltr'><strong>punitus</strong></span> <span class='ocrx_word' id='word_1_460' title='bbox 440 3177 486 3222; x_wconf 92' lang='lat' dir='ltr'><strong>est.</strong></span> <span class='ocrx_word' id='word_1_461' title='bbox 503 3175 534 3222; x_wconf 88' lang='lat' dir='ltr'><strong>Et</strong></span> <span class='ocrx_word' id='word_1_462' title='bbox 549 3188 606 3223; x_wconf 90' lang='lat' dir='ltr'><strong>cum</strong></span> <span class='ocrx_word' id='word_1_463' title='bbox 628 3191 702 3240; x_wconf 89' lang='lat' dir='ltr'><strong>opera</strong></span> <span class='ocrx_word' id='word_1_464' title='bbox 709 3178 789 3225; x_wconf 89' lang='lat' dir='ltr'><strong>nostra</strong></span> <span class='ocrx_word' id='word_1_465' title='bbox 797 3210 804 3237; x_wconf 91' lang='lat'>‚</span> <span class='ocrx_word' id='word_1_466' title='bbox 812 3184 922 3235; x_wconf 74' lang='lat' dir='ltr'><strong>quaerere</strong></span> <span class='ocrx_word' id='word_1_467' title='bbox 932 3168 1058 3218; x_wconf 85' lang='lat' dir='ltr'><strong>videretur</strong></span> <span class='ocrx_word' id='word_1_468' title='bbox 1064 3165 1156 3212; x_wconf 88' lang='lat' dir='ltr'><strong>aliena.</strong></span> 
     </span>
     <span class='ocr_line' id='line_1_44' title="bbox 77 3233 1155 3306; baseline -0.012 -13"><span class='ocrx_word' id='word_1_469' title='bbox 77 3258 123 3306; x_wconf 78' lang='lat' dir='ltr'><strong>ego</strong></span> <span class='ocrx_word' id='word_1_470' title='bbox 135 3257 174 3291; x_wconf 94' lang='lat' dir='ltr'><strong>me</strong></span> <span class='ocrx_word' id='word_1_471' title='bbox 185 3245 271 3305; x_wconf 88' lang='lat' dir='ltr'><strong>sponte</strong></span> <span class='ocrx_word' id='word_1_472' title='bbox 286 3245 398 3303; x_wconf 82' lang='lat' dir='ltr'><strong>niteram,</strong></span> <span class='ocrx_word' id='word_1_473' title='bbox 416 3244 510 3291; x_wconf 88' lang='lat' dir='ltr'><strong>irruitis</strong></span> <span class='ocrx_word' id='word_1_474' title='bbox 526 3244 552 3291; x_wconf 94' lang='lat' dir='ltr'><strong>et</strong></span> <span class='ocrx_word' id='word_1_475' title='bbox 565 3245 606 3292; x_wconf 90' lang='lat' dir='ltr'><strong>in·</strong></span> <span class='ocrx_word' id='word_1_476' title='bbox 628 3249 677 3296; x_wconf 80' lang='lat' dir='ltr'><strong>Aut</strong></span> <span class='ocrx_word' id='word_1_477' title='bbox 691 3247 721 3295; x_wconf 91' lang='lat' dir='ltr'><strong>ut</strong></span> <span class='ocrx_word' id='word_1_478' title='bbox 737 3245 769 3294; x_wconf 88' lang='lat' dir='ltr'><strong>ad</strong></span> <span class='ocrx_word' id='word_1_479' title='bbox 789 3244 857 3292; x_wconf 91' lang='lat' dir='ltr'><strong>sitim</strong></span> <span class='ocrx_word' id='word_1_480' title='bbox 881 3237 988 3298; x_wconf 88' lang='lat' dir='ltr'><strong>corporis</strong></span> <span class='ocrx_word' id='word_1_481' title='bbox 1004 3233 1155 3292; x_wconf 82' lang='lat' dir='ltr'><strong>referamus,</strong></span> 
     </span>
     <span class='ocr_line' id='line_1_45' title="bbox 76 3303 1156 3377; baseline -0.015 -13"><span class='ocrx_word' id='word_1_482' title='bbox 76 3314 193 3365; x_wconf 88' lang='lat' dir='ltr'><strong>cumbitis</strong></span> <span class='ocrx_word' id='word_1_483' title='bbox 207 3317 328 3373; x_wconf 83' lang='lat' dir='ltr'><strong>tamqnam</strong></span> <span class='ocrx_word' id='word_1_484' title='bbox 342 3314 427 3373; x_wconf 74' lang='lat' dir='ltr'><strong>parieti</strong></span> <span class='ocrx_word' id='word_1_485' title='bbox 446 3314 571 3371; x_wconf 79' lang='lat' dir='ltr'><strong>inclinato,</strong></span> <span class='ocrx_word' id='word_1_486' title='bbox 584 3318 606 3362; x_wconf 87' lang='lat' dir='ltr'><strong>ct</strong></span> <span class='ocrx_word' id='word_1_487' title='bbox 628 3315 719 3377; x_wconf 86' lang='lat' dir='ltr'><strong>quanta</strong></span> <span class='ocrx_word' id='word_1_488' title='bbox 738 3312 884 3374; x_wconf 76' lang='lat' dir='ltr'><strong>indignitate</strong></span> <span class='ocrx_word' id='word_1_489' title='bbox 902 3306 987 3354; x_wconf 78' lang='lat' dir='ltr'><strong>dicits</strong></span> <span class='ocrx_word' id='word_1_490' title='bbox 1009 3303 1109 3352; x_wconf 76' lang='lat' dir='ltr'><strong>cacurri</strong></span> <span class='ocrx_word' id='word_1_491' title='bbox 1129 3303 1156 3363; x_wconf 79' lang='lat' dir='ltr'><strong>in</strong></span> 
     </span>
     <span class='ocr_line' id='line_1_46' title="bbox 76 3371 1156 3443; baseline -0.013 -12"><span class='ocrx_word' id='word_1_492' title='bbox 76 3385 184 3435; x_wconf 77' lang='lat' dir='ltr'><strong>mocesiae</strong></span> <span class='ocrx_word' id='word_1_493' title='bbox 202 3384 321 3443; x_wconf 83' lang='lat' dir='ltr'><strong>impntsoe,·</strong></span> <span class='ocrx_word' id='word_1_494' title='bbox 339 3383 386 3430; x_wconf 88' lang='lat' dir='ltr'><strong>hoc</strong></span> <span class='ocrx_word' id='word_1_495' title='bbox 405 3383 442 3429; x_wconf 89' lang='lat' dir='ltr'><strong>est</strong></span> <span class='ocrx_word' id='word_1_496' title='bbox 454 3395 461 3428; x_wconf 81' lang='lat' dir='ltr'><strong>s</strong></span> <span class='ocrx_word' id='word_1_497' title='bbox 472 3383 542 3441; x_wconf 79' lang='lat' dir='ltr'><strong>npex</strong></span> <span class='ocrx_word' id='word_1_498' title='bbox 559 3383 605 3430; x_wconf 91' lang='lat' dir='ltr'><strong>du·</strong></span> <span class='ocrx_word' id='word_1_499' title='bbox 627 3384 682 3435; x_wconf 77' lang='lat' dir='ltr'><strong>sitit</strong></span> <span class='ocrx_word' id='word_1_500' title='bbox 700 3385 753 3432; x_wconf 87' lang='lat' dir='ltr'><strong>boc</strong></span> <span class='ocrx_word' id='word_1_501' title='bbox 765 3383 818 3431; x_wconf 84' lang='lat' dir='ltr'><strong>est:</strong></span> <span class='ocrx_word' id='word_1_502' title='bbox 831 3383 878 3439; x_wconf 72' lang='lat' dir='ltr'><strong>Ego</strong></span> <span class='ocrx_word' id='word_1_503' title='bbox 898 3374 1026 3432; x_wconf 87' lang='lat' dir='ltr'><strong>sitiebam,</strong></span> <span class='ocrx_word' id='word_1_504' title='bbox 1038 3384 1094 3419; x_wconf 87' lang='lat' dir='ltr'><strong>cum</strong></span> <span class='ocrx_word' id='word_1_505' title='bbox 1110 3371 1156 3418; x_wconf 87' lang='lat' dir='ltr'><strong>alrs</strong></span> 
     </span>
     <span class='ocr_line' id='line_1_47' title="bbox 79 3440 1155 3520; baseline -0.016 -16"><span class='ocrx_word' id='word_1_506' title='bbox 79 3459 136 3506; x_wconf 91' lang='lat' dir='ltr'><strong>dum</strong></span> <span class='ocrx_word' id='word_1_507' title='bbox 151 3451 241 3499; x_wconf 90' lang='lat' dir='ltr'><strong>nobilis</strong></span> <span class='ocrx_word' id='word_1_508' title='bbox 252 3451 318 3500; x_wconf 88' lang='lat' dir='ltr'><strong>sedis</strong></span> <span class='ocrx_word' id='word_1_509' title='bbox 331 3452 453 3511; x_wconf 71' lang='lat' dir='ltr'><strong>augustae,</strong></span> <span class='ocrx_word' id='word_1_510' title='bbox 466 3453 491 3499; x_wconf 90' lang='lat' dir='ltr'><strong>et</strong></span> <span class='ocrx_word' id='word_1_511' title='bbox 499 3452 605 3499; x_wconf 89' lang='lat' dir='ltr'><strong>circum·</strong></span> <span class='ocrx_word' id='word_1_512' title='bbox 627 3467 682 3503; x_wconf 85' lang='lat' dir='ltr'><strong>mea</strong></span> <span class='ocrx_word' id='word_1_513' title='bbox 692 3454 750 3501; x_wconf 90' lang='lat' dir='ltr'><strong>vina</strong></span> <span class='ocrx_word' id='word_1_514' title='bbox 760 3447 898 3506; x_wconf 83' lang='lat' dir='ltr'><strong>ructarcut3</strong></span> <span class='ocrx_word' id='word_1_515' title='bbox 908 3445 933 3492; x_wconf 90' lang='lat' dir='ltr'><strong>et</strong></span> <span class='ocrx_word' id='word_1_516' title='bbox 943 3455 975 3490; x_wconf 83' lang='lat' dir='ltr'><strong>ex</strong></span> <span class='ocrx_word' id='word_1_517' title='bbox 985 3442 1028 3488; x_wconf 94' lang='lat' dir='ltr'><strong>illo</strong></span> <span class='ocrx_word' id='word_1_518' title='bbox 1036 3440 1155 3520; x_wconf 74' lang='lat' dir='ltr'><strong>suggestu</strong></span> 
     </span>
     <span class='ocr_line' id='line_1_48' title="bbox 77 3509 1154 3580; baseline -0.018 -5"><span class='ocrx_word' id='word_1_519' title='bbox 77 3524 183 3574; x_wconf 85' lang='lat' dir='ltr'><strong>tusi&#39;toto</strong></span> <span class='ocrx_word' id='word_1_520' title='bbox 191 3523 249 3570; x_wconf 84' lang='lat' dir='ltr'><strong>orbe</strong></span> <span class='ocrx_word' id='word_1_521' title='bbox 260 3522 369 3568; x_wconf 86' lang='lat' dir='ltr'><strong>Romano</strong></span> <span class='ocrx_word' id='word_1_522' title='bbox 376 3521 472 3569; x_wconf 88' lang='lat' dir='ltr'><strong>validus</strong></span> <span class='ocrx_word' id='word_1_523' title='bbox 482 3521 604 3580; x_wconf 89' lang='lat' dir='ltr'><strong>qnondam</strong></span> <span class='ocrx_word' id='word_1_524' title='bbox 627 3523 740 3572; x_wconf 80' lang='lat' dir='ltr'><strong>sublimis</strong></span> <span class='ocrx_word' id='word_1_525' title='bbox 750 3517 862 3579; x_wconf 84' lang='lat' dir='ltr'><strong>imperii,</strong></span> <span class='ocrx_word' id='word_1_526' title='bbox 874 3511 1048 3576; x_wconf 86' lang='lat' dir='ltr'><strong>opulentiaque</strong></span> <span class='ocrx_word' id='word_1_527' title='bbox 1062 3509 1154 3572; x_wconf 70' lang='lat' dir='ltr'><strong>regali,</strong></span> 
     </span>
     <span class='ocr_line' id='line_1_49' title="bbox 77 3589 1156 3652; baseline -0.013 -9"><span class='ocrx_word' id='word_1_528' title='bbox 77 3605 162 3643; x_wconf 90' lang='lat' dir='ltr'><strong>murus</strong></span> <span class='ocrx_word' id='word_1_529' title='bbox 171 3590 286 3652; x_wconf 87' lang='lat' dir='ltr'><strong>imperii,</strong></span> <span class='ocrx_word' id='word_1_530' title='bbox 297 3591 361 3636; x_wconf 90' lang='lat' dir='ltr'><strong>sicut</strong></span> <span class='ocrx_word' id='word_1_531' title='bbox 370 3590 453 3648; x_wconf 90' lang='lat' dir='ltr'><strong>paries</strong></span> <span class='ocrx_word' id='word_1_532' title='bbox 462 3589 602 3650; x_wconf 85' lang='lat' dir='ltr'><strong>inclinatus,</strong></span> <span class='ocrx_word' id='word_1_533' title='bbox 624 3611 1156 3640; x_wconf 75' lang='grc'><em>,,-.,.....-----</em></span> 
     </span>
     <span class='ocr_line' id='line_1_50' title="bbox 79 3659 1154 3718; baseline -0.012 -5"><span class='ocrx_word' id='word_1_534' title='bbox 79 3664 122 3713; x_wconf 90' lang='lat' dir='ltr'><strong>ant</strong></span> <span class='ocrx_word' id='word_1_535' title='bbox 132 3662 250 3710; x_wconf 87' lang='lat' dir='ltr'><strong>maceries</strong></span> <span class='ocrx_word' id='word_1_536' title='bbox 256 3661 363 3718; x_wconf 90' lang='lat' dir='ltr'><strong>impulsa</strong></span> <span class='ocrx_word' id='word_1_537' title='bbox 373 3659 489 3706; x_wconf 88' lang='lat' dir='ltr'><strong>collabor.</strong></span> <span class='ocrx_word' id='word_1_538' title='bbox 648 3677 714 3714; x_wconf 71' lang='lat' dir='ltr'><strong>*noc</strong></span> <span class='ocrx_word' id='word_1_539' title='bbox 726 3671 818 3711; x_wconf 72' lang='lat' dir='ltr'><strong>atrocior</strong></span> <span class='ocrx_word' id='word_1_540' title='bbox 831 3679 855 3707; x_wconf 76' lang='lat' dir='ltr'><strong>ea</strong></span> <span class='ocrx_word' id='word_1_541' title='bbox 869 3666 978 3706; x_wconf 64' lang='lat' dir='ltr'><strong>momnis</strong></span> <span class='ocrx_word' id='word_1_542' title='bbox 991 3663 1044 3706; x_wconf 79' lang='lat' dir='ltr'><strong>iuti.</strong></span> <span class='ocrx_word' id='word_1_543' title='bbox 1059 3661 1119 3711; x_wconf 82' lang='lat' dir='ltr'><strong>quod</strong></span> <span class='ocrx_word' id='word_1_544' title='bbox 1130 3662 1154 3699; x_wconf 78' lang='lat' dir='ltr'><strong>in</strong></span> 
     </span>
    </p>
   </div>
   <div class='ocr_carea' id='block_1_3' title="bbox 107 3716 1155 3787">
    <p class='ocr_par' dir='ltr' id='par_1_5' title="bbox 107 3716 1155 3787">
     <span class='ocr_line' id='line_1_51' title="bbox 107 3716 1155 3787; baseline -0.028 -7"><span class='ocrx_word' id='word_1_545' title='bbox 107 3734 147 3780; x_wconf 81' lang='lat' dir='ltr'><strong>2l.</strong></span> <span class='ocrx_word' id='word_1_546' title='bbox 165 3731 213 3779; x_wconf 87' lang='lat' dir='ltr'><strong>Sed</strong></span> <span class='ocrx_word' id='word_1_547' title='bbox 228 3731 294 3787; x_wconf 77' lang='lat' dir='ltr'><strong>esto,</strong></span> <span class='ocrx_word' id='word_1_548' title='bbox 311 3727 343 3774; x_wconf 74' lang='lat' dir='ltr'><strong>ad</strong></span> <span class='ocrx_word' id='word_1_549' title='bbox 354 3727 459 3774; x_wconf 73' lang='lat' dir='ltr'><strong>mortem</strong></span> <span class='ocrx_word' id='word_1_550' title='bbox 472 3739 513 3774; x_wconf 84' lang='lat' dir='ltr'><strong>me</strong></span> <span class='ocrx_word' id='word_1_551' title='bbox 521 3739 599 3787; x_wconf 84' lang='lat' dir='ltr'><strong>usque</strong></span> <span class='ocrx_word' id='word_1_552' title='bbox 626 3731 718 3768; x_wconf 71' lang='lat' dir='ltr'><strong>contessa</strong></span> <span class='ocrx_word' id='word_1_553' title='bbox 731 3729 761 3763; x_wconf 87' lang='lat' dir='ltr'><strong>est</strong></span> <span class='ocrx_word' id='word_1_554' title='bbox 768 3722 825 3771; x_wconf 83' lang='lat' dir='ltr'><strong>apud</strong></span> <span class='ocrx_word' id='word_1_555' title='bbox 832 3732 905 3760; x_wconf 87' lang='lat' dir='ltr'><strong>omnes</strong></span> <span class='ocrx_word' id='word_1_556' title='bbox 910 3719 1020 3758; x_wconf 82' lang='lat' dir='ltr'><strong>historicos</strong></span> <span class='ocrx_word' id='word_1_557' title='bbox 1025 3716 1155 3754; x_wconf 79' lang='lat' dir='ltr'><strong>Gratianum</strong></span> 
     </span>
    </p>
   </div>
   <div class='ocr_carea' id='block_1_4' title="bbox 627 3771 1154 3828">
    <p class='ocr_par' dir='ltr' id='par_1_6' title="bbox 627 3771 1154 3828">
     <span class='ocr_line' id='line_1_52' title="bbox 627 3771 1154 3828; baseline -0.025 -9"><span class='ocrx_word' id='word_1_558' title='bbox 627 3781 703 3828; x_wconf 76' lang='lat' dir='ltr'><strong>insigni</strong></span> <span class='ocrx_word' id='word_1_559' title='bbox 713 3779 804 3817; x_wconf 86' lang='lat' dir='ltr'><strong>castitate</strong></span> <span class='ocrx_word' id='word_1_560' title='bbox 818 3779 920 3813; x_wconf 87' lang='lat' dir='ltr'><strong>ornatum</strong></span> <span class='ocrx_word' id='word_1_561' title='bbox 933 3773 1000 3811; x_wconf 75' lang='lat' dir='ltr'><strong>lutee.</strong></span> <span class='ocrx_word' id='word_1_562' title='bbox 1015 3771 1073 3822; x_wconf 87' lang='lat' dir='ltr'><strong>Quin</strong></span> <span class='ocrx_word' id='word_1_563' title='bbox 1086 3771 1154 3807; x_wconf 78' lang='lat' dir='ltr'><strong>immo</strong></span> 
     </span>
    </p>
   </div>
   <div class='ocr_carea' id='block_1_5' title="bbox 77 3794 1154 3881">
    <p class='ocr_par' dir='ltr' id='par_1_7' title="bbox 77 3794 1154 3881">
     <span class='ocr_line' id='line_1_53' title="bbox 77 3794 1154 3881; baseline 0.004 -34"><span class='ocrx_word' id='word_1_564' title='bbox 77 3799 249 3862; x_wconf 86' lang='lat' dir='ltr'><strong>appetierunt,</strong></span> <span class='ocrx_word' id='word_1_565' title='bbox 260 3795 410 3858; x_wconf 84' lang='lat' dir='ltr'><strong>quaesierunt</strong></span> <span class='ocrx_word' id='word_1_566' title='bbox 421 3795 452 3842; x_wconf 92' lang='lat' dir='ltr'><strong>ad</strong></span> <span class='ocrx_word' id='word_1_567' title='bbox 464 3805 550 3841; x_wconf 88' lang='lat' dir='ltr'><strong>necem</strong></span> <span class='ocrx_word' id='word_1_568' title='bbox 561 3794 603 3872; x_wconf 86' lang='lat' dir='ltr'><strong>di·</strong></span> <span class='ocrx_word' id='word_1_569' title='bbox 626 3835 689 3873; x_wconf 76' lang='lat' dir='ltr'><strong>ruere</strong></span> <span class='ocrx_word' id='word_1_570' title='bbox 705 3832 770 3870; x_wconf 47' lang='lat' dir='ltr'><strong>estam</strong></span> <span class='ocrx_word' id='word_1_571' title='bbox 785 3831 824 3878; x_wconf 77' lang='lat' dir='ltr'><strong>qur</strong></span> <span class='ocrx_word' id='word_1_572' title='bbox 839 3829 928 3867; x_wconf 64' lang='lat' dir='ltr'><strong>mim</strong></span> <span class='ocrx_word' id='word_1_573' title='bbox 942 3825 1154 3881; x_wconf 41' lang='lat' dir='ltr'><strong>„mmmm</strong></span> 
     </span>
    </p>
   </div>
   <div class='ocr_carea' id='block_1_6' title="bbox 77 3863 1156 3936">
    <p class='ocr_par' dir='ltr' id='par_1_8' title="bbox 77 3863 1156 3936">
     <span class='ocr_line' id='line_1_54' title="bbox 77 3863 1156 3936; baseline -0.015 -18"><span class='ocrx_word' id='word_1_574' title='bbox 77 3869 179 3918; x_wconf 82' lang='lat' dir='ltr'><strong>centes:</strong></span> <span class='ocrx_word' id='word_1_575' title='bbox 190 3864 426 3924; x_wconf 68' lang='lat' dir='ltr'><strong>tollamusjustum</strong></span> <span class='ocrx_word' id='word_1_576' title='bbox 437 3863 550 3910; x_wconf 89' lang='lat' dir='ltr'><strong>tollamus</strong></span> <span class='ocrx_word' id='word_1_577' title='bbox 557 3875 604 3908; x_wconf 84' lang='lat' dir='ltr'><strong>mr·</strong></span> <span class='ocrx_word' id='word_1_578' title='bbox 628 3885 816 3936; x_wconf 66' lang='lat' dir='ltr'><strong>reprehenderent.</strong></span> <span class='ocrx_word' id='word_1_579' title='bbox 824 3885 883 3932; x_wconf 56' lang='grc' dir='ltr'>Μ</span> <span class='ocrx_word' id='word_1_580' title='bbox 891 3882 989 3933; x_wconf 64' lang='lat' dir='ltr'><strong>florendo</strong></span> <span class='ocrx_word' id='word_1_581' title='bbox 997 3880 1082 3928; x_wconf 79' lang='lat' dir='ltr'><strong>impera</strong></span> <span class='ocrx_word' id='word_1_582' title='bbox 1091 3877 1156 3916; x_wconf 64' lang='lat' dir='ltr'><strong>„qm</strong></span> 
     </span>
    </p>
   </div>
   <div class='ocr_carea' id='block_1_7' title="bbox 77 3931 1059 4052">
    <p class='ocr_par' dir='ltr' id='par_1_9' title="bbox 77 3931 1059 4052">
     <span class='ocr_line' id='line_1_55' title="bbox 77 3931 1059 4052; baseline -0.011 -64"><span class='ocrx_word' id='word_1_583' title='bbox 77 3931 602 4052; x_wconf 58' lang='lat' dir='ltr'><strong>sericorde2m3quiagraviscstuobisetiam</strong></span> <span class='ocrx_word' id='word_1_584' title='bbox 627 3937 857 3990; x_wconf 75' lang='lat' dir='ltr'><strong>parumcommoosm.</strong></span> <span class='ocrx_word' id='word_1_585' title='bbox 1032 3989 1059 4033; x_wconf 58' lang='lat' dir='ltr'>st</span> 
     </span>
    </p>
   </div>
   <div class='ocr_carea' id='block_1_8' title="bbox 0 0 1384 4794">
    <p class='ocr_par' dir='ltr' id='par_1_10' title="bbox 0 0 1384 4794">
     <span class='ocr_line' id='line_1_56' title="bbox 0 0 1384 4794; baseline 0 1"><span class='ocrx_word' id='word_1_586' title='bbox 0 0 1384 4794; x_wconf 95' lang='lat' dir='ltr'><strong> </strong></span> 
     </span>
    </p>
   </div>
  </div>
 </body>
</html>
