2760 4794
78 345 126 397 tii
471 347 597 394 alacri
617 346 790 391 ARBROSH

79 429 154 478 etesia
164 425 291 490 tua3quia
301 439 351 475 non
361 425 400 474 ris
409 426 437 475 ut
451 427 475 475 te
487 426 610 475 dormiens
634 425 680 474 dus
689 426 812 475 susbuere
827 436 878 475 nou
887 425 984 486 posset,
996 423 1174 474 excusastis

79 498 185 557 quamn
196 508 247 545 non
263 492 609 553 visutteiacensiuvestiaet.
634 495 718 542 centes
734 507 741 540 ι
756 496 830 543 soror
846 496 927 542 norbo
939 508 1035 556 pmo,
1054 496 1079 542 et
1097 494 1172 542 ubero

79 566 191 627 neuim
201 566 284 628 pulsas
298 563 330 611 ad
341 563 458 622 januam,
475 565 504 610 ut
515 564 610 612 excites
633 577 680 611 noa
691 563 768 612 babet.
779 562 819 611 Sic
830 563 899 610 enim
912 563 957 623 qui
967 563 1061 611 volunt
1070 563 1175 610 differre

79 636 242 684 dormientem
254 647 263 682 ι
275 631 413 693 explorasti
425 645 467 680 cor
474 633 574 695 vigilat,
585 634 610 681 et
634 631 748 692 nuptias.
759 642 875 679 excusare
884 630 1053 689 consuerunt3
1064 632 1095 677 ιιι
1108 644 1173 690 prse-

79 701 610 760 earodormitvispseeniemlevareuiceus:
633 700 737 748 tendant
744 700 879 748 immature
889 699 970 747 atatis
979 699 1173 759 infirmitatem,

78 774 153 832 Sorpc
165 774 206 832 poi
216 772 317 827 donus,
334 774 356 817 ct
365 784 464 830 exmrpe
476 785 493 818 a
501 772 608 819 monuo.
634 770 660 815 ct
676 769 803 816 adstruant
818 768 884 828 quod
895 768 974 815 ubera
987 780 1044 815 mn
1063 767 1170 826 habeat,

78 839 154 887 uictu
164 851 264 893 manum
275 850 319 898 per
326 849 467 896 cavernam,
474 838 502 886 ut
511 839 608 898 surgat:
633 849 688 895 quae
703 836 796 884 nubilis
810 835 948 895 significant
962 836 1068 895 tempus
1079 835 1168 882 etatis.

78 908 107 955 ct
121 907 144 954 si
166 906 259 954 tardtm
278 906 431 965 surrexerit,
447 907 608 966 derelinquis.
634 905 684 952 iloe
692 905 755 952 solet
764 904 900 965 symbolum
911 916 1046 951 commune
1054 903 1171 950 omuibus

64 970 122 1022 'vis
131 975 159 1022 ιιι
169 975 263 1035 quaerat
272 975 372 1033 iterum,
383 975 409 1022 et
417 977 511 1035 querat
520 987 535 1022 a
545 976 609 1022 mul-
633 972 770 1030 virginibus
778 984 831 1019 esse
840 971 969 1030 nupturis3
982 972 1011 1017 ut
1022 982 1083 1016 cum
1090 969 1168 1016 ubera

77 1042 125 1103 os,
135 1044 161 1090 et
177 1055 227 1089 non
242 1043 402 1090 obliviscatur
417 1055 542 1102 querere,
558 1057 607 1090 non
633 1038 755 1099 coeperint
772 1040 898 1096 eminere,
916 1039 976 1085 tuuc
994 1036 1169 1094 conjunctioni

77 1111 239 1159 obliviscatur
249 1122 374 1158 sermones
386 1113 459 1158 tuos:
471 1112 528 1158 etsi
539 1113 609 1160 tenet
633 1109 729 1156 habiles
738 1108 891 1167 iudicentur.

78 1190 131 1238 eos,
142 1179 230 1227 oileras
245 1180 269 1227 te
280 1179 429 1240 videndum,
437 1191 487 1227 non
501 1179 608 1239 relupias
663 1177 823 1225 at.lurbatae
831 1175 906 1235 igitur
915 1174 983 1235 quod
993 1173 1081 1222 studio
1089 1173 1167 1221 dilec-

81 1248 208 1295 etteneri.
633 1244 707 1291 tionis
718 1246 802 1302 urgeat
812 1243 912 1303 nuptias
921 1242 1048 1302 Sponsus,
1060 1240 1166 1289 dicuntc

108 1316 149 1363 35.
160 1316 218 1372 Quae
229 1328 286 1364 cum
300 1315 326 1363 to
340 1315 461 1363 meruerit
478 1315 607 1375 ampiecti,
633 1316 693 1374 Quid
706 1313 817 1372 {neumae
834 1313 911 1361 sorori
923 1314 1050 1360 nostruin
1065 1313 1102 1358 die
1119 1324 1168 1371 piso

77 1383 192 1435 ostendat
202 1382 297 1431 tructus
305 1395 370 1441 suos,
382 1383 481 1431 docebit
487 1395 537 1429 reon
547 1383 609 1430 obli·
632 1383 738 1441 loquetur
748 1383 774 1428 in
782 1379 826 1428 ca?
835 1380 886 1439 vel,
896 1379 924 1427 ut
933 1379 1108 1442 Symmachus,
1119 1391 1168 1438 pisa

76 1452 130 1498 tam
142 1463 169 1498 se
180 1452 350 1499 mandatorum
363 1451 477 1511 tuorum,
492 1451 607 1510 dicetque
632 1450 739 1508 loquetur
749 1449 784 1503 ei:
800 1448 847 1495 boe
861 1450 913 1505 est,
928 1447 1083 1506 sponsalium
1098 1446 1165 1492 cele·

76 1518 125 1567 tibi
146 1530 155 1565 ι
175 1521 251 1576 Veni,
267 1519 343 1578 {ram
359 1532 445 1577 siseres:¹
460 1532 572 1566 encomio
583 1521 607 1566 in
632 1515 721 1562 britate
732 1514 795 1562 solet
810 1515 862 1562 ieri
878 1515 1028 1573 collocutio,
1039 1515 1067 1561 et
1077 1513 1166 1561 condr-

77 1599 193 1647 eprum...
204 1590 227 1634 ct
236 1589 262 1634 ia
270 1587 361 1646 sember
370 1589 456 1634 nostro
463 1588 539 1634 omnis
548 1587 608 1644 {eim
632 1585 706 1630 matio
716 1584 867 1641 nuptiarum.
878 1582 942 1641 Quid
949 1594 1007 1640 ergo
1027 1581 1168 1640 iaciemus,

76 1655 208 1703 αιιιοηιιιιι
220 1668 283 1702 noea
300 1657 323 1702 ct
340 1658 432 1711 veteru,
446 1656 523 1714 trater
532 1667 606 1711 meuc,
632 1649 902 1710 dicuntturbatse‚quia
912 1651 1016 1707 urgetur
1023 1649 1165 1707 coniunctio

76 1724 167 1771 movi
174 1722 224 1770 tibi.
231 1723 282 1768 lloc
290 1721 328 1768 est
338 1721 422 1769 dicere
433 1734 440 1765 ι
451 1723 607 1768 Teneoman-
630 1717 763 1777 spiritalis?
775 1718 874 1766 amulio
883 1717 977 1776 nuptiis
987 1729 1167 1764 excusarenon

76 1786 134 1834 data
145 1788 188 1833 tua
203 1787 284 1833 omnia
298 1786 357 1833 novi
376 1786 402 1834 et
417 1785 510 1834 veteris
524 1787 608 1833 Testa·
630 1786 744 1844 possunt3
760 1798 833 1832 nemo
851 1785 918 1832 enim
935 1784 1033 1842 estqui
1052 1785 1164 1843 copulam

77 1854 167 1902 menti.
178 1855 233 1901 Sola
247 1855 294 1903 boc
306 1854 389 1902 dicere
399 1853 506 1901 Ecclesia
517 1854 605 1913 potest.
630 1855 671 1901 vel
688 1855 776 1902 arvimae
791 1855 818 1901 et
832 1852 954 1913 Spiritus,
970 1853 1013 1899 vel
1030 1852 1125 1899 Christi
1139 1853 1166 1898 et

76 1921 129 1968 lion
145 1922 206 1970 dicit
226 1923 274 1970 alia
293 1922 448 1982 congregatio
462 1934 530 1969 anon
546 1921 606 1970 dicit
630 1923 745 1971 Ecclesia
762 1936 812 1971 non
827 1922 925 1970 beatam
941 1921 1028 1981 putet..
1042 1921 1092 1968 Sed
1105 1922 1166 1982 quia

76 1986 216 2048 synagoga,
224 2001 272 2036 nec
280 1989 415 2036 secundum
425 1987 533 2038 litteram
543 2001 606 2036 nova
630 1991 759 2049 plenitudo
769 1991 844 2038 Verbi
860 1992 903 2039 vel
918 1991 1026 2051 Spiritus
1039 1991 1119 2038 sancti
1129 1992 1165 2037 ri-

2 2066 11 2087 ·
76 2057 178 2115 tenens,
188 2069 234 2104 uec
244 2057 378 2105 secundum
389 2057 502 2115 spiritum
512 2057 605 2104 vetera.
630 2058 685 2106 brat
700 2061 725 2107 et
742 2059 834 2120 fulget,
853 2060 878 2107 et
895 2059 961 2107 nibil
976 2060 1016 2106 est
1031 2059 1098 2119 quod
1114 2059 1165 2106 illis

75 2124 129 2172 lion
144 2124 207 2172 dicit
222 2125 322 2173 haeresis
337 2124 471 2172 manicbaea
488 2137 496 2171 ι
516 2124 605 2172 Vetera
630 2126 707 2185 possit
716 2126 823 2186 aequari;
836 2126 891 2173 ideo
898 2126 997 2173 diderre
1004 2125 1166 2184 desiderant,

77 2192 176 2241 servavi
188 2193 235 2239 tibi
246 2225 255 2250 ,
265 2207 320 2252 quae
336 2190 484 2252 Prophetas*
493 2204 543 2240 non
552 2204 606 2240 sus-
629 2195 708 2242 utilia
719 2195 838 2242 dilatione
850 2196 889 2243 vel
900 2188 991 2254 anima,
999 2195 1044 2243 vel
1054 2195 1167 2242 Ecclesia

76 2258 147 2319 cipit.
169 2260 256 2308 blerito
272 2260 385 2307 dealbata
408 2259 531 2319 cernitur,
551 2271 606 2320 que
629 2262 706 2322 possit
723 2276 775 2311 esse
786 2262 928 2323 perfectior.

76 2328 204 2389 utriusque
215 2329 293 2389 fulget
300 2329 379 2389 pratia
386 2328 543 2376 Testamenti.
659 2333 699 2380 57.
714 2333 809 2380 Dicunt
819 2345 877 2392 ergo
889 2346 896 2379 ι
908 2333 936 2380 Si
944 2346 1029 2382 morus
1039 2335 1083 2392 eu,
1093 2334 1166 2392 ‹edifi-

105 2393 146 2442 db.
167 2395 301 2456 Respondit
319 2397 344 2443 ei
357 2397 464 2456 Sponsus
474 2408 481 2441 e
493 2398 557 2442 Pone
569 2409 606 2444 me
629 2413 705 2450 cemsee
715 2415 784 2462 super
793 2415 847 2448 eum
856 2402 1016 2462 receptando:
1027 2404 1051 2448 ct
1059 2402 1162 2460 ctionem

74 2464 252 2524 ιιιιιᾳπιειιιιιιιι
262 2466 287 2511 ie
298 2477 338 2512 cor
348 2466 414 2511 ιιιιη
422 2495 431 2521 ,
438 2465 465 2511 ul
472 2463 572 2523 “pilam
580 2465 606 2510 in
629 2471 671 2528 eci,
676 2471 808 2530 sculpamus
814 2484 882 2531 cuper
888 2483 940 2517 eom
946 2469 1041 2517 tabidus
1046 2472 1162 2518 cedrinos.

76 2531 197 2578 bruchium
208 2535 343 2591 tuam‚quae
350 2544 414 2579 nova
422 2533 448 2579 et
458 2534 543 2579 vetera
553 2544 606 2579 ser·
629 2538 710 2585 Murus
725 2539 762 2586 est
775 2539 856 2585 anima
870 2539 957 2585 sancti,
974 2537 1057 2585 Habet
1075 2537 1101 2585 et
1117 2540 1162 2583 Ee-

75 2598 140 2645 Vifflfi
159 2599 231 2645 mihi·
248 2600 405 2656 Siissaculssm
421 2611 504 2644 meum
516 2612 557 2655 0⁸>
574 2600 605 2645 ad
629 2607 704 2652 etesia
714 2619 795 2653 muros
805 2619 880 2665 suos,
892 2619 946 2664 quae
959 2607 1011 2664 jam
1027 2607 1162 2665 perfectior

75 2667 207 2724 imaginem
224 2678 305 2711 meam
317 2679 358 2724 08,
370 2666 396 2711 θί
407 2667 603 2712 θίωἰιίῑιιιιίιὶθιη·
629 2672 689 2719 dicit
701 2687 707 2718 ε
719 2677 770 2734 Epo
787 2677 866 2722 civitas
876 2677 977 2721 munito.
990 2673 1038 2720 llic
1058 2675 1096 2720 est
1106 2686 1162 2720 mu-

74 2734 161 2792 Fulget
172 2733 199 2778 iu
209 2733 234 2779 te
248 2732 328 2792 imago
338 2732 439 2788 Justitiae
450 2765 458 2790 ,
473 2732 552 2789 imago
565 2747 604 2779 sa·
628 2752 685 2798 rus,
695 2742 737 2801 qui
749 2741 823 2788 babet
834 2742 961 2788 duodecim
969 2743 1053 2800 portas
1064 2741 1161 2801 aposto-

74 2800 190 2859 Plessfloe,
202 2801 281 2859 11111ὅο
291 2799 401 2846 Virtutis·
416 2799 445 2844 Ei
456 2799 514 2857 quia
525 2800 604 2860 imago
628 2809 687 2855 iicas
696 2842 703 2867 ,
713 2823 759 2869 per
773 2823 832 2869 quas
843 2811 933 2868 populo
948 2810 1079 2856 nationum
1093 2811 1163 2868 patet

75 2870 121 2916 Dei
134 2871 161 2917 in
169 2871 242 2917 eorde
253 2871 296 2917 tuo
309 2872 361 2928 esi,
374 2869 407 2916 sit
418 2870 443 2916 et
454 2869 479 2915 in
490 2871 604 2929 operibus
628 2877 750 2936 ingressus
756 2878 780 2923 in
786 2878 926 2924 Ecclesiam,
934 2877 1162 2937 Sedmurusquam.

74 2939 126 2986 tuis
136 2952 143 2984 Ξ
153 2940 184 2985 sii
193 2938 286 2998 Effigies
295 2938 419 2997 Evangelii
428 2939 453 2984 in
460 2937 509 2984 tuis
519 2937 602 2996 factis,
628 2947 665 2992 vis
672 2946 790 2991 ambitum
799 2946 874 2992 totius
882 2945 949 2991 urhis
961 2945 1089 3003 includat,
1101 2948 1160 2992 tunc

74 3009 193 3055 utiutuis
203 3008 313 3053 moribus
323 3019 377 3053 mea
389 3007 512 3067 praeeepta
523 3009 603 3053 custo-
628 3014 709 3058 tamen
727 3014 764 3059 est
778 3014 908 3070 munitior,
927 3025 983 3059 eum
1000 3015 1162 3072 receptacula

75 3076 246 3135 dias.Ettigles
262 3075 390 3135 Evangelii
412 3075 460 3122 erit
476 3075 503 3120 in
521 3075 562 3134 te,
581 3077 602 3122 si
628 3080 741 3126 habuerit
758 3081 910 3139 praeparata,
938 3080 965 3126 in
987 3081 1080 3139 quibus
1104 3093 1161 3139 pro·

74 3147 223 3205 percutienti
232 3145 368 3202 maxillam,
376 3145 477 3191 alteram
484 3145 581 3203 praebea
594 3177 601 3202 ,
627 3148 773 3206 pugnatores
791 3148 860 3194 urbis
875 3147 956 3195 tutum
968 3148 1114 3207 speculandi
1131 3159 1160 3194 ac

75 3216 96 3259 si
113 3214 200 3271 diligas
218 3213 347 3259 inimicum
362 3215 450 3271 tuum,
464 3212 487 3258 si
505 3225 602 3260 crucem
627 3215 713 3262 tuendi
732 3217 824 3273 possint
839 3217 930 3262 habere
947 3216 1093 3262 subsidium.
1111 3215 1160 3262 Sed

75 3281 143 3327 tuam
155 3281 240 3340 tollas,
252 3282 277 3328 et
288 3292 328 3328 me
340 3281 457 3340 sequaris.
478 3280 535 3327 ideo
547 3294 603 3327 cru·
627 3284 684 3342 quia
694 3284 845 3330 rationabilis
853 3284 906 3329 haee
917 3284 1002 3331 civitas
1012 3285 1051 3330 est
1068 3285 1093 3330 et
1104 3295 1160 3330 orn-

75 3358 129 3393 cem
140 3360 183 3403 epo
193 3360 237 3406 pro
246 3348 315 3394 vobis
324 3348 420 3406 portavi
431 3360 477 3408 3ue
485 3349 514 3396 tu
523 3361 567 3407 pro
576 3349 601 3396 te
627 3351 666 3397 uis
676 3363 731 3409 spes
742 3350 795 3408 ejus
803 3351 830 3396 in
840 3350 886 3397 Dei
897 3351 972 3397 verbo
984 3352 1021 3399 est
1033 3365 1039 3394 ε
1049 3364 1100 3397 non
1108 3351 1160 3397 ier-

75 3415 171 3472 portare
181 3414 321 3460 dubitares.
627 3430 685 3475 rea,
701 3417 744 3465 sed
759 3420 874 3478 argentea
888 3410 912 3465 ei
923 3419 1106 3477 propugnacula
1117 3429 1160 3464 re

105 3478 416 3528 aaludleruutbocaliae
433 3482 601 3539 Hierusalem,
626 3485 770 3544 quiruntur,
794 3485 898 3544 eloquiis
915 3485 1057 3531 coelestibus
1080 3486 1160 3544 magis

74 3548 140 3610 quod
149 3551 198 3605 jam
207 3547 326 3593 Dominus
336 3549 406 3595 iesus
417 3548 463 3595 sibi
469 3548 601 3594 Ecclesiam
625 3565 698 3610 quam
707 3555 813 3612 corporis
821 3555 988 3613 voluptatibus
997 3554 1101 3602 hostiles
1109 3554 1160 3600 im·

74 3615 217 3677 copulabat:
228 3615 602 3675 etquiacousiderantesmagni-
626 3621 695 3677 petus
703 3623 827 3680 repulsare
839 3623 1004 3669 cousueta.E0
1015 3620 1079 3667 tulta
1093 3634 1158 3679 prse-

74 3686 185 3734 tudinem
196 3684 279 3744 Verbi,
292 3685 410 3744 imparem
420 3686 495 3733 tantis
509 3686 601 3745 nuptiis
626 3688 703 3746 sidio,
716 3701 745 3736 eo
759 3689 889 3749 splendore
907 3689 1031 3749 refulgens
1048 3689 1160 3736 habilior

74 3753 226 3801 estimabant
235 3765 242 3812 ;
251 3753 430 3801 neiortetantae
438 3754 530 3812 copulae
541 3766 601 3813 pon·
625 3755 713 3803 Christi
725 3758 817 3815 copulae
827 3756 959 3813 iudicatur.

72 3829 603 3842 ·““““““““““““-·-·“
655 3825 694 3871 58.
710 3826 739 3870 Ει
755 3825 812 3884 quia
829 3825 904 3882 ianua
919 3823 1027 3870 Christus
1043 3824 1096 3881 est,
1112 3824 1158 3883 qui

96 3865 154 3902 'Per
168 3867 268 3914 Prophetas
282 3871 353 3905 lotum
368 3870 428 3905 vetus
440 3867 600 3904 Testamentum
642 3893 647 3903 .
806 3894 811 3903 .
854 3894 886 3904 ..
943 3894 948 3903 .
977 3893 983 3903 .
1098 3895 1102 3903 .

74 3917 109 3954 llic
117 3919 221 3968 intellige,
229 3921 287 3970 quod
296 3922 406 3970 integrum
416 3932 427 3959 a
437 3921 559 3959 Manichaele
569 3931 602 3957 re·
626 3894 659 3938 ²¹¹1
672 3905 678 3936 ⁵
690 3896 737 3939 Per
744 3907 780 3939 me
790 3907 809 3940 ⁸²
818 3907 869 3952 qm
877 3895 1001 3949 'mmmm’
1009 3892 1157 3951 wlvabdurt'

73 3969 192 4017 proiciatur.
626 3962 650 4008 et
661 3960 768 4008 Ecclesia
779 3960 853 4018 ianua
861 3961 1029 4019 nuncupatum
1040 3960 1100 4018 quia
1111 3972 1159 4018 por
