2760 4794
428 451 462 495 ln
478 451 638 496 peninum
653 451 739 496 xiiii
754 452 959 496 ENARRATiO.
1190 451 1237 501 167

179 530 220 578 tn.
231 531 295 589 Quid
305 528 395 579 deinde
411 531 459 580 sibi
473 534 527 581 ruit
545 533 609 592 quod
625 532 676 580 nit:
703 534 869 592 cognovimus.
891 536 920 582 et
945 545 1004 581 vere
1031 533 1058 581 in
1077 535 1236 594 opprobrium

149 601 203 647 iton
222 602 272 648 lieet
290 601 392 659 occipere
407 614 496 660 pamm
518 601 637 660 fitiorum,
656 605 677 649 et
701 601 775 660 positi
783 603 840 649 sunt
850 599 1045 663 gentibus3quia
1055 602 1141 661 gentes
1148 614 1236 662 oppro-

147 671 239 716 mittere
249 667 348 716 catulis?
356 669 447 728 Utique
458 669 521 716 iiiios
529 669 594 716 dixit
601 671 678 716 lsrae-
703 670 783 716 brlnm
799 672 878 718 crucis
894 670 1028 719 Dominicas
1041 671 1154 719 omnibus
1170 671 1236 720 diri·

147 735 219 795 litas,
244 737 290 784 boc
310 737 360 797 est,
375 739 496 798 populum
517 739 676 787 iudaeorum:
702 737 744 786 tiis
752 739 909 787 saecularibus
918 738 1141 800 praetulerunt.Qui
1150 741 1234 788 autem

146 806 240 853 catulos
249 806 332 854 nutem
340 808 459 867 populum
467 807 604 855 nationum.
613 808 679 865 Quid
702 819 800 855 crucem
816 808 885 855 iliam
902 809 1000 868 putavit
1014 808 1186 870 opprobrium,
1207 811 1234 864 et

146 872 346 931 ergotDivitum
356 875 399 922 aut
407 874 553 921 nobiliorum
565 875 602 922 est
613 875 676 921 acci·
702 876 771 935 quasi
788 877 946 936 opprobrium
964 877 1068 937 refugit,
1084 877 1106 924 is
1124 890 1184 925 vere
1203 876 1231 926 in

144 951 206 1000 pere
214 945 364 990 sacramenta
374 943 493 1003 celestia,
502 946 527 991 et
535 956 583 990 non
592 956 676 990 eorum
702 943 817 992 diuturno
826 946 915 992 mansit
923 945 1062 1006 opprobrio.
1073 945 1166 993 Tamen
1173 945 1233 1006 quia

145 1010 189 1068 qui
200 1011 278 1069 magis
288 1011 320 1058 ad
332 1011 495 1070 cognitionem
506 1012 617 1072 mysterii
626 1025 677 1062 coe-
701 1025 750 1059 non
761 1012 896 1061 secundum
907 1025 1007 1061 carnem
1018 1013 1133 1061 israelitae
1144 1015 1232 1062 riden-

147 1079 216 1126 lestis
231 1080 272 1138 pio
291 1080 381 1127 mentis
397 1080 493 1127 fervore
511 1082 677 1129 contendant?
700 1080 757 1139 tur,
768 1082 811 1141 qui
822 1080 1048 1140 potueruntdicere
1058 1082 1135 1140 :Quia
1145 1083 1234 1142 inique

146 1147 207 1194 Etsi
219 1148 329 1196 Israelita
342 1147 417 1195 tuerit
428 1148 516 1208 aliquis
526 1150 642 1197 remissus
652 1153 678 1198 et
701 1159 750 1193 non
761 1147 857 1206 egimus
867 1147 894 1194 in
904 1147 1051 1195 testamento
1059 1150 1172 1207 Domini,
1183 1161 1232 1198 nec

145 1216 288 1275 negligens,
303 1218 345 1264 vel
359 1217 508 1274 contumax,
523 1216 566 1277 qui
582 1217 678 1275 rejiciat
702 1216 804 1264 recessit
823 1216 891 1261 reiro
911 1227 954 1262 cor
973 1227 1059 1262 eornm
1077 1228 1091 1263 a
1109 1217 1232 1276 Domin03

146 1284 202 1341 post
212 1296 239 1330 se
249 1296 374 1331 sermones
389 1284 437 1330 Dei
449 1297 456 1329 a
467 1283 616 1332 chananaeus
633 1297 678 1332 nu·
702 1283 759 1329 vide
767 1296 798 1330 ne
808 1284 839 1329 iis
846 1295 873 1330 se
882 1283 907 1330 in
916 1283 1022 1331 circuitu
1028 1285 1114 1343 positis
1122 1284 1233 1332 illusioni

147 1352 199 1397 lom
208 1351 250 1410 qui
262 1351 365 1411 impigre
374 1351 436 1399 velit
444 1351 602 1410 adquirendis
608 1363 678 1398 men·
702 1351 728 1397 et
734 1351 827 1398 derisni
837 1351 912 1399 fuisse
920 1353 1124 1412 commemorent,
1134 1352 1165 1399 de
1176 1353 1234 1413 qui·

146 1419 199 1465 tem
210 1420 341 1468 intendere
352 1420 525 1478 sacramentis3
538 1419 580 1467 ille
593 1421 677 1480 potius
701 1419 748 1466 bus
763 1420 824 1467 dicit
833 1421 967 1468 Dominus:
980 1423 1185 1470 Circumdederunt
1194 1436 1232 1472 mo

144 1488 190 1547 qui
211 1488 362 1546 dissimulat,
379 1501 454 1548 quam
471 1488 518 1536 iste
533 1488 575 1547 qui
596 1487 676 1535 deiert
700 1490 768 1535 uituli
776 1490 852 1536 mutii.
864 1489 1161 1538 Clrcunidederuntenim
1172 1503 1231 1538 eum

145 1557 269 1615 studium,
279 1557 445 1616 praeferendus
453 1555 507 1604 esti
516 1557 568 1603 Non
576 1556 673 1615 utiquen
699 1558 882 1618 persecutores,
893 1558 990 1618 quando
1001 1559 1138 1606 secundnm
1149 1560 1231 1607 eonsi-

145 1624 242 1671 ntideo
257 1625 392 1685 diligenter
402 1625 498 1684 oporiet
509 1624 604 1671 intendi
615 1625 674 1684 qnid
700 1625 760 1671 lium
771 1625 905 1674 voluntatis
921 1639 972 1674 suae
990 1626 1066 1674 subiit
1081 1627 1229 1687 passionem.

146 1694 311 1752 expresserit:
322 1694 363 1754 qni
375 1707 431 1741 cum
441 1693 544 1740 dixisset
557 1705 564 1738 r
575 1694 629 1740 Nou
644 1694 675 1741 ii-
698 1693 767 1740 Unde
778 1693 805 1741 et
814 1695 873 1741 alibi
883 1694 918 1742 ait
929 1708 937 1743 e
947 1696 1122 1744 circumdantes
1130 1697 1230 1761 circum

144 1766 179 1810 cet
187 1764 497 1824 occipereponcmfiiiomm,
508 1766 529 1810 ei
537 1764 674 1810 mittereco·
698 1763 808 1810 dederuut
818 1777 868 1821 me,
880 1767 903 1812 ci
916 1766 941 1811 iu
955 1766 1048 1812 nomine
1060 1766 1156 1813 Domini
1165 1766 1229 1814 urm

145 1832 215 1891 tulic3
230 1832 394 1892 respondente
412 1830 546 1880 Chananaea
558 1844 564 1877 :
577 1834 638 1893 Quin
651 1835 673 1879 ei
697 1843 750 1876 aum
764 1832 791 1877 in
805 1846 852 1880 coc.
865 1832 923 1880 ideo
934 1833 1025 1881 meiius
1035 1833 1074 1880 est
1088 1833 1156 1880 riam
1172 1845 1229 1881 rec·
1305 1886 1309 1895 ¹

141 1901 218 1948 catuli
227 1914 312 1948 conum
322 1902 391 1948 edunt
400 1903 428 1947 de
438 1902 517 1957 micis,
526 1913 579 1960 quoe
587 1902 674 1947 cudunt
698 1899 748 1945 tam
758 1901 858 1959 tenere,
866 1901 893 1948 in
901 1914 948 1961 qua
959 1901 1090 1950 facinorosi
1101 1903 1230 1949 ambulare

144 1971 172 2016 de
183 1984 264 2017 menso
282 1972 430 2018 dominorum
445 1983 555 2029 suorum,-
566 1969 673 2017 studium
698 1979 746 2013 non
760 1971 870 2027 possunt.
886 1970 939 2017 Cito
950 1970 1055 2029 cadunt,
1069 1969 1127 2030 quia
1141 1983 1190 2017 non
1201 1970 1230 2020 in

144 2037 200 2096 eius
207 2038 420 2098 humilitatemque
429 2038 614 2097 laudarit,quae
624 2049 674 2084 non
698 2035 972 2086 directioneambulant.
979 2039 1049 2086 Unde
1055 2038 1124 2087 etilli
1130 2038 1229 2099 quando

144 2106 193 2156 sihi
210 2107 359 2166 protundum
374 2106 502 2166 sapientie
516 2106 674 2166 aprimordio
697 2106 830 2153 voluerunt
838 2108 921 2155 lesum
928 2108 1061 2155 Dominum
1068 2110 1231 2167 comprehen-

144 2175 295 2236 vindicarit3
307 2176 419 2236 qnamris
434 2176 464 2222 de
478 2174 569 2222 tinibus
579 2175 638 2234 Tyri
649 2176 674 2222 et
698 2170 771 2230 dere,
790 2174 835 2221 nbi
858 2174 971 2234 respexit
994 2187 1051 2233 eos,
1071 2175 1226 2222 ceciderunt.

144 2243 241 2291 Sidonis
253 2243 305 2302 iam
323 2243 389 2290 esset
405 2253 502 2302 egressa
516 2253 523 2286 r
538 2240 582 2287 sed
598 2240 674 2286 micas
698 2240 799 2299 Propter
809 2242 854 2288 bos
870 2242 945 2301 igitur
957 2242 1000 2301 qui
1016 2241 1043 2287 in
1058 2241 1229 2289 circuituum·

142 2312 261 2373 quasdam
271 2311 341 2359 verbi
353 2310 465 2358 salutaris
477 2322 532 2369 ques
545 2309 576 2356 de
590 2320 674 2355 mensa
698 2308 783 2357 buiare
796 2311 990 2368 consueverunt,
1004 2310 1125 2369 Angelum
1142 2309 1229 2356 Domi-

144 2381 298 2429 dominorum
308 2392 408 2428 snorum
419 2379 551 2436 caderent,
561 2376 673 2424 ctederet
698 2389 744 2425 nus
762 2379 888 2439 apposuit,
907 2379 950 2440 qni
965 2391 980 2425 a
996 2380 1065 2439 tergo
1083 2378 1228 2427 insidiantes

143 2449 301 2510 colligendas.
310 2449 358 2507 Qui
367 2448 433 2495 enirn
444 2447 576 2506 diligenter
584 2446 674 2493 etsnb
698 2448 803 2506 repellat
813 2449 935 2495 inimicos.
945 2447 1079 2496 Praetendit
1089 2448 1166 2507 igitur
1177 2448 1227 2494 rin-

143 2518 224 2566 tiliier
248 2519 381 2578 Scripturae
403 2515 479 2565 rerba
506 2516 624 2573 rimatur,
652 2516 673 2563 is
697 2516 767 2575 gelus
788 2517 887 2564 Domini
907 2517 934 2564 ln
958 2515 1064 2564 circuitu
1082 2515 1227 2564 timentium

144 2588 176 2636 ad
187 2587 344 2636 altitudinem
357 2586 529 2647 mysteriorum
541 2585 672 2646 pervenire
696 2598 769 2644 eum,
780 2585 807 2634 et
823 2598 865 2634 eos
881 2585 967 2634 tuetur
978 2586 1055 2647 atque
1070 2584 1186 2632 custodit.
1196 2587 1227 2633 lu

143 2652 672 2714 consueritUndeethnicdioitursblugno
697 2657 794 2703 circuitu
818 2655 886 2702 enim
911 2649 979 2716 impii
1003 2654 1141 2716 embricum
1162 2654 1227 2702 sicut

143 2728 179 2772 eri
187 2726 243 2784 fides
252 2729 293 2773 tuo
304 2739 312 2771 .·
324 2725 368 2783 tot
379 2724 422 2772 tibi
430 2725 489 2771 ucut
499 2725 547 2782 ois,·
558 2723 605 2769 hoe
616 2724 671 2781 est,
696 2725 814 2784 seriptum
832 2723 878 2772 est.
894 2724 957 2772 Vide
973 2723 1059 2784 itaque
1072 2723 1225 2771 distantiam.

143 2795 173 2841 nt
183 2793 308 2854 aperiatur
317 2792 363 2840 tibi
372 2792 461 2838 ostium
471 2790 585 2849 verbi,et
595 2790 673 2837 retul-
696 2794 769 2853 impii
788 2793 816 2839 in
831 2793 938 2841 circuitu
956 2792 1102 2839 ambulant:
1118 2791 1226 2850 Angelus

143 2864 201 2924 goat
210 2863 269 2911 ritas
279 2863 379 2909 aeiernae
388 2860 485 2907 salubre
496 2858 650 2919 mysterium.
696 2863 779 2909 autem
787 2861 919 2921 pretendit
927 2862 954 2908 in
963 2861 1070 2908 circuitu
1078 2873 1171 2918 eorum,
1182 2860 1227 2920 qui

174 2933 214 2978 53.
226 2933 287 2990 Ergo
302 2930 347 2989 qni
362 2929 459 2976 ricinus
470 2928 521 2985 est,
537 2927 626 2984 exeat,
647 2927 673 2973 et
696 2941 745 2975 non
756 2930 883 2976 ambulant
893 2930 919 2975 in
929 2927 1052 2987 circuitn3
1064 2929 1090 2975 et
1099 2928 1155 2974 ideo
1165 2941 1227 2988 prae·

143 3001 269 3047 Christum
283 2998 370 3045 videre
386 2996 523 3052 desideret,
539 2993 566 3040 et
581 2995 608 3040 in
617 3005 673 3039 ora·
698 2996 826 3054 tendit,ut
836 2998 906 3045 eruat
914 2998 992 3056 y'ustos
1002 2996 1032 3042 ab
1039 2996 1227 3054 insidiisperse·
1302 3004 1308 3014 ·

143 3069 212 3117 tione
226 3057 328 3122 clamet,
339 3063 404 3111 sicut
416 3063 463 3110 ista
473 3062 607 3108 chananaea
618 3060 673 3106 oxi·
697 3065 835 3123 quentium.
843 3064 907 3113 lusti
915 3075 972 3121 ergo
980 3063 1227 3120 spiritaleslsraelitoe

144 3135 184 3183 vit
199 3135 230 3181 de
241 3133 331 3179 tinibus
341 3131 405 3189 suis,
416 3129 442 3178 et
457 3129 578 3176 Christum
593 3130 673 3187 ridit,
697 3131 813 3178 videntur
829 3143 882 3179 esse
897 3132 941 3190 qui
956 3131 1010 3177 baee
1028 3129 1179 3190 loquuntur3
1196 3142 1227 3178 eo

144 3205 172 3252 et
180 3203 234 3264 jugi
249 3215 310 3251 voce
325 3199 452 3257 clamavit,
468 3199 496 3246 ut
508 3199 561 3257 ejus
576 3199 673 3246 miseri·
698 3199 764 3258 quod
770 3199 950 3246 tentationibus
956 3199 1039 3246 saeculi
1048 3197 1226 3259 subiacnerini,

144 3273 253 3321 cordiam
262 3270 407 3330 reportaret.
417 3267 578 3315 Credentibns
589 3267 672 3326 itaque
698 3269 724 3315 et
738 3267 894 3328 opprobrium
911 3267 1004 3315 tuerint
1013 3267 1166 3327 vicinorum3
1179 3267 1227 3317 ii'oc

142 3339 287 3389 Gbananaeis
304 3337 403 3385 Judaeus
420 3336 446 3382 in
468 3335 600 3395 opprobrio
623 3335 671 3394 sit3
697 3337 747 3396 est,
759 3349 844 3384 eorum
851 3337 894 3396 qui
903 3337 1056 3384 nierumlsm
1064 3337 1168 3396 patriam
1175 3348 1226 3386 non

140 3410 202 3472 qnia
217 3409 271 3469 ipse
287 3419 337 3454 nou
352 3405 478 3454 crediditr
497 3405 523 3453 et
539 3404 611 3451 illudi
622 3403 671 3452 sibi
697 3405 844 3453 incolebant.
857 3405 967 3454 illusioni
976 3405 1052 3454 ctiam
1063 3404 1163 3454 inerunt
1173 3407 1226 3466 spi·

143 3479 238 3538 doleat,
250 3479 276 3524 et
289 3476 397 3524 derideri
412 3489 439 3524 se
449 3476 480 3523 ab
491 3474 524 3524 iis
534 3475 576 3535 qui
585 3475 613 3522 in
622 3476 672 3522 eir-
696 3476 809 3531 ritalibns
818 3475 938 3535 nequitiis
948 3474 974 3522 et
982 3475 1155 3534 potestatibus,
1167 3487 1225 3524 eon-

143 3549 212 3598 cuitu
223 3550 292 3605 sunt,
301 3546 453 3606 ingemiscat.
696 3543 733 3590 tra
743 3556 804 3605 quas
813 3543 885 3602 justis
894 3544 961 3591 lucia
969 3555 1022 3591 esse
1031 3545 1166 3592 consuevit.
1174 3545 1225 3595 De·
1283 3600 1288 3611 ,

175 3617 214 3667 tt.
224 3616 363 3663 sternetur
373 3612 502 3674 prophetia
512 3612 565 3660 baec
576 3623 630 3660 esse
641 3611 672 3660 de
696 3613 771 3673 nique
786 3612 887 3659 historia
902 3613 929 3659 te
943 3611 1030 3660 doceat
1043 3612 1108 3672 quod
1124 3611 1225 3660 abducti

144 3686 285 3735 nationibus
293 3681 438 3739 credituris3
448 3679 557 3727 maxime
568 3693 624 3727 enm
635 3693 673 3727 se-
696 3681 774 3728 lndaei
785 3681 811 3728 in
818 3682 992 3741 Babyloniam,
1000 3680 1047 3728 etsi
1058 3681 1157 3741 propter
1167 3692 1226 3740 pec·

143 3754 244 3816 quentia
261 3751 325 3800 istud
335 3747 480 3806 ostendant,
491 3747 549 3808 quia
559 3749 594 3795 ait
605 3761 612 3794 ε
625 3751 673 3796 Ρο-
697 3749 750 3795 caia
766 3762 810 3796 sna
825 3749 973 3797 ridebantur
982 3761 1037 3797 esse
1046 3749 1168 3807 subiecti3
1185 3748 1225 3793 nu

143 3824 210 3872 suisti
220 3835 262 3869 nos
273 3823 298 3866 iu
307 3819 481 3866 similitudinem
488 3816 601 3877 gentibus,
611 3830 673 3863 corn·
697 3830 755 3865 meu
765 3817 841 3866 multo
851 3818 966 3867 meliores
975 3817 1089 3878 gentibus
1099 3815 1228 3862 habeban-

143 3884 673 3948 molionemcopilioinpoprdie5qnialudaeo-
697 3886 746 3934 tur.
767 3886 865 3946 Peiores
887 3886 955 3936 enim
978 3885 1049 3933 erant
1070 3885 1096 3931 in
1118 3882 1224 3929 circuitu

144 3971 200 4006 rum
209 3957 298 4004 delicto
306 3956 371 4003 salus
379 3952 494 4014 gentibus
506 3964 512 3998 ε
524 3952 551 4000 et
559 3965 614 4012 qua
622 3952 673 4000 iliis
698 3966 795 4014 eorum,
814 3954 856 4016 qul
873 3953 1023 4005 insultabant
1038 3951 1090 4008 eis,
1105 3961 1161 3996 cum
1176 3949 1225 4010 ipsi

144 4025 173 4072 in
189 4026 265 4083 ligura
283 4025 350 4082 gesta
370 4024 443 4081 sunt,
460 4022 491 4069 ad
506 4020 672 4081 cognitionem
697 4025 851 4084 peccatorum
867 4025 978 4084 gravium
990 4020 1071 4068 essent
1086 4018 1150 4065 mole
1168 4030 1231 4064 cur·

144 4095 253 4143 nostram
269 4092 414 4152 proiecisse,
429 4092 541 4151 sponsio
559 4091 672 4145 anctore.
697 4094 757 4140 vati.
819 4128 821 4131 .
