2760 4794
212 457 258 506 138
603 460 724 504 sineri
738 460 900 505 Anonosn

208 540 376 603 scriptumest
392 554 400 588 c
417 542 534 590 boninus
547 541 605 590 milri
618 544 678 590 dedit
692 543 738 590 iin-
762 541 913 592 tibitlloluit
923 538 1305 603 intelligerempermendicnn

208 624 280 671 ouum
288 612 437 671 mcditionis3
447 612 562 659 otecirem
570 614 737 672 qoocdoopon
763 610 789 657 et
797 623 940 671 pauperem.
952 611 1012 658 Nam
1021 611 1043 660 si
1051 611 1091 659 lrlc
1099 610 1220 670 dubitas,
1231 613 1303 660 certe

209 680 256 726 teat
269 691 400 726 menonem
411 679 494 726 dicere.
506 677 573 725 Scire
590 690 647 738 ergo
662 679 737 726 dobes
762 678 788 725 in
795 678 839 726 illo
846 680 940 739 psalmo
948 679 990 738 qui
1001 679 1117 727 adversus
1126 679 1303 739 proditionem

209 746 270 805 quid
283 746 383 806 audias,
400 747 463 794 scire
473 746 535 807 quid
550 747 617 806 loqui
632 747 736 807 debeas,
760 747 829 796 iudae
841 760 873 795 ex
883 759 988 808 persona
999 747 1091 795 dieitur
1102 748 1258 808 salvatoris,
1268 749 1303 798 de

208 813 273 861 scire
284 814 361 862 etiam
371 814 469 874 quando
479 815 547 874 ioqui
562 814 660 862 debeas.
761 815 807 862 ilio
816 817 938 864 versiculo
950 817 1063 864 dubitare
1079 828 1128 865 non
1144 816 1262 876 poteris,
1272 817 1303 865 in

240 883 264 929 3.
276 883 339 930 Audi
351 895 408 943 ergo
423 883 548 930 dicentem
567 896 574 930 ε
593 885 679 932 mutue
697 885 738 943 qui
761 895 809 942 quo
820 884 855 930 ait
866 897 874 930 ε
885 886 917 931 lli
925 887 1057 944 perarmatos
1067 886 1099 932 erl
1110 885 1237 932 bominem
1246 887 1303 933 iao·

208 953 315 1013 intellimt
324 966 394 1012 super
401 964 496 1011 coenum
504 954 526 999 et
531 965 666 1012 pauperem,
677 953 736 998 Bea·
759 963 812 1010 pem
821 953 844 999 et
852 953 992 998 mendicum.
1003 950 1117 1011 intellige
1125 964 1187 1010 ergo
1198 952 1228 999 in
1238 964 1302 1013 pan·

208 1023 249 1071 tus
268 1021 368 1081 quidem
391 1021 435 1082 qui
452 1021 599 1080 compatitur
616 1021 735 1080 pauperi,
760 1018 882 1078 pertatem
891 1019 989 1076 Christi,
997 1020 1025 1067 ut
1033 1017 1102 1068 dives
1112 1019 1163 1067 sis:
1176 1019 1302 1082 miellipo

208 1089 252 1150 qui
262 1089 346 1137 haurit
356 1091 410 1147 ejus
425 1089 598 1148 necessitates,
615 1089 662 1136 scit
675 1089 735 1149 quid
760 1085 962 1134 iniuiirmitatem
974 1085 1042 1145 eius,
1061 1088 1089 1134 ut
1101 1087 1216 1148 accipias
1229 1089 1302 1139 oani-

207 1158 268 1206 mali
279 1157 362 1216 iuopia
370 1156 464 1204 adierat
473 1155 612 1216 indigenti:
624 1157 667 1203 sed
678 1157 736 1216 quid
760 1154 835 1201 tatem
855 1168 862 1200 :
880 1154 992 1215 intellige
1011 1155 1039 1202 in
1057 1169 1155 1204 cmeem
1173 1161 1252 1219 elus,
1269 1160 1303 1210 nt

207 1225 256 1274 sibi
266 1225 321 1274 vult
329 1226 394 1274 istud
402 1224 532 1272 exordium
544 1225 570 1272 in
577 1225 674 1272 Domini
682 1239 736 1285 pas·
759 1236 808 1271 uou
815 1223 944 1272 erubescas
953 1237 960 1270 ι
970 1224 1080 1284 intelligo
1091 1224 1218 1276 invulnus
1228 1228 1301 1289 eius,

206 1293 292 1342 sionei
301 1296 393 1348 Verum
404 1293 442 1343 est
453 1292 554 1354 quidem
563 1293 736 1353 quodpropter
759 1293 786 1339 ut
796 1293 899 1340 vulnera
910 1294 952 1341 tua
962 1306 1032 1341 eures
1043 1308 1050 1340 ε
1061 1293 1175 1354 intellige
1188 1295 1218 1344 in
1229 1310 1302 1345 rnor-

207 1357 329 1422 pauperes
346 1374 431 1422 passus
449 1362 501 1421 esta
519 1361 564 1409 sed
581 1361 664 1408 nmen
683 1363 734 1422 ipse
759 1360 809 1407 tem
821 1363 891 1420 ejus,
906 1360 1055 1422 ntadquiras
1066 1362 1142 1410 vitam
1151 1365 1300 1416 aternam

207 1431 326 1490 corripuit
341 1431 428 1478 ludam
443 1430 567 1483 dicentem
582 1430 612 1485 do
629 1431 671 1477 illo
687 1442 735 1479 un-
758 1429 1301 1492 intellipeinsepnlturamejus,ntinrenin

206 1499 313 1558 mento,
334 1499 400 1560 quod
419 1497 542 1553 eliudemt
562 1497 637 1545 uaria
660 1511 735 1557 snper
758 1500 971 1549 resurrectionem.

206 1567 283 1628 pedes
299 1566 389 1617 Christi
400 1579 419 1613 Ιε
441 1568 522 1616 Potuit
539 1566 582 1614 lroc
597 1568 735 1614 venumdari
787 1569 811 1615 u.
830 1569 878 1616 Sed
893 1569 956 1617 torte
974 1569 1060 1618 dicas:
1075 1569 1206 1629 Quomodo
1224 1572 1300 1624 diras

207 1638 313 1684 trecentis
333 1637 451 1695 mariis,
473 1638 496 1683 ct
514 1635 568 1683 dori
584 1635 732 1695 pauperiem
757 1635 784 1682 in
800 1638 944 1697 paupertate
960 1636 1086 1685 Christus?
1100 1639 1152 1687 nlo
1165 1640 1298 1690 11ιί111111-

206 1702 274 1750 ldem
291 1705 316 1752 et
326 1705 409 1752 caeteri
420 1704 522 1763 apostoli
532 1702 673 1762 senserant,
690 1704 733 1749 sed
758 1706 858 1763 genium
870 1705 982 1765 deficiat,
1000 1705 1148 1755 tamennon
1165 1706 1297 1760 deliciunt

206 1771 255 1820 alio
271 1774 361 1820 aflectu
380 1786 387 1819 τ
408 1773 451 1820 illo
466 1785 512 1833 per
529 1771 673 1831 avaritiam,
691 1771 733 1819 isti
758 1773 899 1822 divinarum
923 1774 1032 1822 subsidia
1058 1775 1213 1837 lectionum3
1235 1791 1297 1827 eum

205 1851 252 1901 per
267 1841 479 1897 misericordiam
495 1840 571 1888 lours
586 1841 655 1887 enim
669 1839 733 1887 furto
758 1841 851 1891 dixerit
869 1844 1017 1903 Apostolus:
1037 1845 1154 1906 montom
1170 1847 1297 1897 Dominum

205 1909 384 1970 prospiciebat,
401 1909 516 1969 discipuli
531 1921 668 1969 pauperum
688 1909 734 1955 ali-
757 1913 823 1960 lesus
838 1913 1012 1972 ponperfoctus
1022 1917 1069 1971 ecl,
1080 1926 1134 1960 eum
1140 1915 1204 1963 dirce
1215 1919 1295 1979 erecta

205 1977 468 2028 moniaconsulebaut.
473 1977 568 2036 Quibus
573 1976 600 2023 in
605 1988 733 2025 commune
757 1981 784 2025 ut
792 1992 834 2028 ooo
848 1981 898 2039 eius
908 1982 988 2041 inopie
1002 1981 1144 2029 ditaremini.
1156 1981 1221 2039 Qum
1234 1995 1295 2045 ergo

205 2046 333 2105 respoudit
347 2058 355 2093 r
367 2048 440 2097 Sinite
450 2047 531 2103 idom,
541 2048 567 2093 ni
578 2047 604 2093 in
613 2047 649 2094 die
658 2047 733 2105 aepul-
758 2045 804 2094 ista
813 2049 960 2107 paupertas,
970 2061 1025 2108 quae
1036 2047 1125 2096 divites
1137 2048 1218 2097 iacitt
1228 2051 1296 2099 Con·

205 2116 267 2163 toric
287 2127 345 2162 mem
363 2116 435 2166 meet
449 2115 522 2163 illud.
534 2117 651 2175 Pauperes
672 2116 733 2162 enim
757 2113 892 2163 sideramus
906 2128 977 2176 eam,
992 2116 1148 2165 intendamus
1163 2117 1191 2163 in
1205 2119 1292 2179 ipsum

205 2195 296 2244 semper
305 2182 394 2231 beletro
405 2183 521 2237 comacum
531 2198 540 2231 .·
550 2196 588 2232 me
598 2186 676 2244 apem
685 2195 733 2231 non
757 2184 900 2232 venerabile
914 2184 1107 2233 Sacramentum.
1118 2184 1183 2242 Quid
1200 2187 1293 2246 purim

205 2263 305 2314 semper.
756 2254 839 2312 potest
852 2265 881 2300 eo
897 2266 949 2301 esse
965 2254 1039 2315 atque
1057 2253 1215 2313 simplicius!
1237 2257 1292 2305 Non

149 2327 154 2339 ·
235 2318 261 2370 l.
286 2324 348 2384 Ergo
366 2323 430 2370 alins
446 2321 621 2382 intelligendus
640 2322 678 2369 est
691 2320 733 2367 bic
757 2321 855 2369 taurino
870 2322 998 2383 quisquam
1013 2322 1172 2383 pertunditur
1185 2323 1292 2384 sangni-

204 2386 304 2449 beatus,
320 2392 363 2451 qui
374 2391 492 2450 intelligit
505 2403 579 2450 super
589 2400 731 2450 pauperem.
757 2388 816 2450 ne⁴‚
831 2390 859 2437 ut
874 2402 942 2438 sacra
961 2390 1078 2439 dicuutur
1092 2391 1184 2438 habere
1204 2393 1291 2453 genti·

204 2458 251 2505 llic
259 2459 289 2505 de
300 2459 348 2505 tide
359 2458 432 2516 dicit,
444 2459 503 2503 alibi
512 2459 543 2503 de
554 2455 731 2502 misericordia.
756 2457 820 2502 lium
838 2470 845 2502 a
864 2471 916 2503 non
938 2459 1064 2505 hircorum
1083 2459 1158 2518 atque
1178 2461 1291 2510 arietum

204 2526 274 2574 Prior
285 2539 342 2585 ergo
352 2527 426 2584 fides,
437 2525 544 2572 secunda
554 2522 731 2570 misericordia.
757 2536 843 2572 cruore
859 2525 973 2585 peccator
990 2527 1086 2574 lavatur
1101 2523 1199 2589 (neque
1218 2530 1290 2578 enirn

203 2595 265 2641 Cum
282 2594 344 2652 fide,
358 2594 464 2654 pretiosa
481 2591 649 2639 misericordia
661 2604 667 2636 r
679 2591 731 2637 sine
756 2591 884 2652 quisquam
901 2593 936 2641 ita
957 2594 1118 2654 purificatum
1139 2608 1195 2642 caro
1218 2599 1289 2647 enim

204 2663 267 2722 lide,
283 2663 364 2722 nuda3
376 2662 430 2709 sine
440 2661 501 2719 fide,
514 2661 643 2708 instabilis.
661 2659 732 2705 Fides
757 2660 860 2719 lavatur,
871 2675 920 2708 non
928 2663 998 2723 culpa
1009 2661 1191 2722 dilutiori-,sed
1202 2667 1289 2727 exiet,

205 2731 402 2779 enimrirtutum
418 2730 526 2776 omnium
542 2729 629 2777 stabile
644 2727 732 2774 funda·
756 2727 851 2788 inqrn't,
867 2742 929 2789 aqua
940 2743 996 2777 cum
1007 2731 1169 2779 delectatione
1181 2732 1215 2781 de
1231 2733 1290 2782 ion·

204 2802 319 2853 mentum
330 2800 375 2846 est.
386 2796 477 2845 Beatus
489 2809 545 2855 ergo
561 2796 603 2857 qui
615 2794 732 2853 intelligit
756 2796 822 2844 tibus
841 2797 973 2846 Salvatoris
992 2814 999 2846 ε
1020 2800 1046 2847 ct
1064 2801 1164 2860 paratur
1180 2801 1209 2848 in
1228 2816 1288 2852 con-

203 2862 384 2930 super'dbrliti
393 2866 502 2927 inopiam
510 2865 542 2914 'et
552 2866 730 2926 paupertatem,
755 2864 841 2923 spectu
849 2864 893 2912 tuo
905 2878 989 2913 mensa
1000 2868 1118 2927 coelestis,
1131 2869 1156 2915 et
1165 2871 1288 2928 poculum

204 2938 248 2998 qni
263 2934 364 2998 propter
372 2948 417 2984 nos
426 2944 521 2995 pauper
530 2934 608 2982 lactus
617 2936 662 2994 est,
675 2944 731 2981 cum
756 2931 879 2979 inebrians
897 2946 969 2993 quam
991 2936 1133 2993 praclarum
1155 2937 1215 2985 ost!
1243 2940 1289 2989 llas

204 3005 275 3054 dives
284 3004 349 3054 amai
359 3017 365 3051 ε
377 3002 447 3052 dives
457 3003 588 3063 inuepm,
599 3014 693 3063 pauper
703 3003 729 3049 in
755 3000 812 3047 sunt
822 3000 915 3048 divitia
926 3001 1136 3063 simplicitatis‚iu
1146 3004 1241 3064 quibus
1251 3007 1291 3058 est
1303 3042 1310 3053 .

203 3086 291 3135 came;
311 3075 369 3135 quia
388 3073 496 3134 suscepit
512 3073 576 3121 barre
594 3084 731 3133 pauperum
750 3099 1287 3122 --—---.-....

203 3156 312 3193 carnem.
320 3145 443 3204 nauperes
453 3142 521 3191 enim
531 3141 591 3190 tacti
601 3154 684 3190 sumus
693 3140 732 3188 ni·
778 3142 1078 3246 'Jssflffitffflffflm
1086 3146 1294 3210 i¹¹¹¹‘¹,⁵³crincruur.

230 3215 236 3226 .
318 3215 324 3227 .
363 3215 369 3226 .
554 3213 560 3224 ·
670 3213 675 3223 ·
756 3207 787 3244 qn
808 3207 834 3244 ap
971 3208 980 3234 s
1040 3210 1082 3236 rex
1095 3209 1201 3239 maximus
1211 3213 1293 3244 conss.

202 3212 731 3342 illaillliilffiilllidliii}
755 3250 1293 3348 1311111111111111111ω’*

202 3350 331 3411 paradiso,
343 3349 418 3406 ejecti
427 3349 458 3395 de
472 3349 566 3408 patria,
577 3348 604 3393 in
615 3345 729 3393 exsilium
754 3361 816 3403 essa,
825 3367 850 3394 eo
862 3357 952 3398 futurus
960 3361 1055 3409 pontifex
1064 3362 1221 3403 demittebatur
1231 3370 1298 3412 varen

202 3416 320 3476 relegati,
336 3417 390 3476 ipso
408 3426 507 3475 quoque
522 3414 609 3461 nudati
624 3413 730 3472 corporis
755 3412 819 3472 alque
828 3410 902 3474 intulis
911 3417 1097 3474 exornatustmox
1109 3416 1206 3455 tabulato
1216 3420 1294 3461 imru.

203 3486 373 3544 mm...
396 3497 404 3530 =
427 3482 493 3545 ...a
518 3484 590 3530 ...a
611 3482 729 3530 am...
753 3462 1293 3576 anianensemremeares

201 3555 273 3614 septa
283 3552 442 3612 muniebant,
456 3550 541 3612 1108191
552 3550 642 3598 delicia
651 3550 729 3598 mida·
752 3570 849 3608 nberiim
858 3581 895 3619 per
904 3573 1031 3610 tabularum
1041 3547 1123 3613 meatus
1132 3575 1257 3622 defluebat:

201 3620 728 3681 runt.Siergoegcnusetpauperincame,
774 3631 871 3669 necessus
879 3631 938 3672 inrue
946 3643 1011 3680 quem
1020 3634 1115 3672 sacerdos
1124 3636 1215 3684 erupit,

202 3690 289 3750 nflqne
298 3691 424 3749 egenusel
433 3687 560 3749 pauperia
569 3689 648 3735 carnis
658 3687 728 3736 istius
774 3683 1251 3742 Guileefflmneslurresubiocunscapue,

685 3755 728 3804 sed
777 3736 803 3774 Et
813 3742 868 3775 vesle
875 3742 897 3775 et
906 3748 970 3775 omne
978 3740 1109 3786 putrefactus
1118 3750 1218 3789 corpore.

201 3757 325 3838 Pusione·
339 3758 394 3806 ΝΜ
404 3769 462 3817 ⁰¹⁸⁰
471 3756 498 3802 in
508 3755 601 3836 divitiis
610 3756 674 3816 misi
774 3789 832 3839 Quin
843 3792 968 3839 ossupinal,
977 3792 1047 3830 obrias
1057 3794 1204 3844 alienigenas,

196 3838 229 3876 1111
237 3825 317 3874 nostrii
325 3837 411 3886 11181111
419 3825 613 3884 estpaupertate.
621 3827 727 3886 111110111Ιῦ
775 3844 877 3892 supponit
885 3854 958 3892 aures,
967 3845 1040 3892 labra,
1050 3856 1111 3884 nares
1119 3847 1205 3898 objicit,

201 3907 250 3943 non
261 3894 391 3955 manando
407 3893 544 3943 divinitatis
552 3928 559 3954 ,
575 3909 629 3956 quae
645 3897 673 3944 ia
684 3897 728 3944 illo
763 3901 816 3940 bec
825 3897 870 3945 nm
876 3899 944 3946 pann
953 3900 1033 3947 percit.
1042 3903 1063 3938 οἱ
1073 3901 1172 3948 lineum
1181 3903 1256 3954 ruat,

200 3963 362 4023 corporaliter
371 3962 479 4022 mitat,
495 3964 523 4011 lit
537 3963 662 4025 Scriptum
676 3964 728 4013 ωε,
773 3953 846 3992 Donec
854 3961 956 3991 eruorem
965 3957 1023 3993 totus
1031 3957 1105 3992 atrurn
1113 3955 1231 3996 combibat.

1006 4008 1099 4047 Rudent.
1108 4007 1175 4056 hymn.
1183 4010 1214 4048 10.

200 4031 281 4091 muri
293 4031 337 4079 ⁸²⁶
342 4040 478 4093 mmm
491 4032 537 4081 991·
547 4034 599 4082 1¹⁰⁰
607 4032 727 4094 memb&
751 4057 859 4098 Postremo
866 4056 1013 4100 eductusinde
1019 4059 1089 4100 bellus
1096 4061 1192 4110 pontifex
1200 4060 1294 4107 mainus

201 4097 248 4149 bor
266 4098 614 4162 111111111111,“11118111,110
632 4100 727 4150 (11111111
750 4109 991 4163 adorabaturapopulo.
