2760 4794
239 329 292 377 'toi
454 390 460 397 ι
641 329 761 374 SANC'H
775 328 937 373 anneosil

148 470 151 479 Ι
245 414 327 461 autem
341 418 391 459 laon
400 408 497 472 pulvis,
515 409 550 457 ili
566 422 614 457 non
626 410 705 469 terra,
723 422 771 458 nou
797 408 901 458 dimittit
911 406 1062 457 :sedulium
1073 406 1317 462 nosiacitsa'esrdsla

245 481 361 533 materias
373 480 417 528 sed
430 480 618 539 incorporeum,
634 478 679 525 sed
693 478 772 525 admi·
796 488 853 524 suos
870 477 927 524 aliis
943 477 1049 538 peccata
1060 476 1319 529 dimittoretldnsl

245 550 322 596 rabile
334 561 340 593 ε
352 548 388 593 lui
406 559 454 594 non
469 548 588 605 matoria,
602 546 645 594 sed
656 546 772 593 immate-
796 544 936 603 Prophetas
949 545 1091 603 nonanti
1100 558 1159 602 nse,
1170 548 1320 607 simuln-

245 615 315 663 rinle.
333 613 403 672 Quod
416 617 481 661 onim
493 614 628 661 secundum
640 613 772 673 imaginem
795 626 837 671 per
847 626 883 660 me
894 626 992 661 monum
1002 616 1085 660 tuum.
1096 613 1192 661 Finxit
1200 616 1321 675 perintu,

244 684 291 732 liei
302 685 353 743 est,
364 684 457 730 nonest
468 685 494 730 in
505 694 614 742 corpore,
625 695 671 730 nec
685 684 712 729 in
721 692 772 728 nra·
796 682 877 740 posuit
885 682 1045 742 pergratiam
1053 682 1322 744 spiritalemlicetple·

244 752 321 809 teria,
332 752 375 798 sod
383 753 408 798 in
417 752 498 798 anima
507 751 656 798 rationabili.
667 750 704 796 liii
714 761 772 808 opo·
796 751 866 811 rique
874 751 940 799 hunc
950 751 1079 811 psalmum
1088 762 1123 797 ex
1133 750 1323 810 psmmdnu

245 818 328 875 ratur,
338 818 374 864 ibi
385 819 521 865 ostenditur
532 819 604 865 homo
615 818 645 864 ad
657 817 773 864 similitu·
796 817 926 865 silvatoris
937 818 1079 877 accipiant.
1100 818 1172 866 Audi
1190 818 1251 877 quia
1259 831 1323 867 nans

246 886 329 933 dinem
343 887 370 933 et
384 887 515 946 imaginem
526 886 583 945 Dei,
595 887 637 932 ubi
652 885 771 944 justitiae,
796 885 910 944 Domini,
920 884 1121 945 etiamspiritos
1133 886 1324 935 ‹licitumst-ai

245 954 289 1001 ubi
299 954 435 1012 sapientis,
445 954 488 1000 uhi
498 955 577 1001 omnis
588 954 664 1000 torma
674 953 773 1001 virtutis
795 952 841 999 lob
853 966 860 998 a
872 955 971 1013 spiritus
982 956 1098 1011 divinus,
1109 956 1160 1015 pus·
1169 955 1229 1013 tecit
1238 969 1278 1003 ιθ.
1286 958 1324 1004 lita

246 1021 389 1069 adsumitur.
796 1021 1325 1083 suntorgomanusqnaehominemparars

277 1088 315 1136 l6.
327 1089 353 1134 sl
372 1087 494 1149 inteiligas
511 1086 658 1145 imaginem,
675 1086 772 1134 ridebis
796 1088 866 1147 runt,
878 1089 986 1135 christus
996 1092 1023 1137 et
1041 1090 1173 1150 Spiritus.
1189 1092 1252 1150 Ergo
1264 1090 1325 1139 nni·

247 1158 279 1206 ad
286 1150 427 1217 imaginem
436 1157 508 1204 homo
517 1157 583 1203 eninr
591 1157 683 1203 nonest
692 1156 771 1214 imago
796 1166 843 1200 nuo
855 1157 925 1202 lesus
935 1156 961 1202 ot
971 1158 1089 1215 corporis
1100 1159 1198 1205 auctor
1211 1160 1249 1206 est
1257 1160 1326 1221 nostrl,

247 1227 307 1284 Dei,
322 1225 365 1272 sed
381 1225 412 1272 ad
429 1225 617 1272 similitudinem
633 1222 711 1270 iactus
725 1223 770 1270 est.
796 1223 1325 1287 «pulprimumiucitlrominemadimagincn¹

248 1295 316 1343 lilius
336 1294 374 1340 est
392 1294 472 1352 imago
489 1293 536 1340 Dei
556 1292 702 1349 invisibilis,
720 1291 772 1351 pri-
797 1292 822 1336 et
833 1291 1326 1350 postoadeluioiinxit‚etvolultsernn

248 1361 771 1420 mogenitusuniversaecreaturae,perquem
796 1358 967 1418 quodiecernt,
976 1362 1161 1421 salvareqnod
1169 1362 1326 1421 plasmaverit

248 1428 527 1477 factasuntomnla.lllo
536 1428 623 1474 nonad
631 1428 772 1486 imaginem,
797 1426 1327 1492 uttommnomlnsmsalvumlacerst‚am

248 1496 292 1543 sed
299 1496 380 1554 imago
390 1507 397 1539 ε
408 1496 437 1542 tu
446 1506 495 1541 non
506 1495 600 1553 imago,
617 1495 659 1541 sed
670 1496 701 1541 ad
712 1496 771 1541 imo·
797 1493 850 1552 ipse
865 1494 929 1541 dixit
945 1496 972 1541 in
988 1496 1133 1554 Evangelio
1156 1509 1165 1542 r
1187 1497 1251 1544 iiiii
1265 1500 1328 1547 daul-

248 1564 341 1624 ginem.
361 1562 441 1609 llahes
459 1575 516 1620 ergo
533 1563 561 1608 in
578 1565 620 1610 tua
637 1563 772 1610 substantia
796 1564 870 1617 mini,
882 1566 938 1623 quin
953 1566 1028 1611 totum
1041 1564 1177 1612 hominm
1196 1568 1285 1614 sulm
1296 1566 1329 1627 {ai

247 1631 341 1690 ailquid
351 1631 382 1676 de
392 1630 498 1689 imagine
509 1631 535 1677 ot
545 1630 705 1677 similitudine
717 1631 773 1688 Dei,
797 1630 934 1678 issulduno.
942 1631 1011 1689 Quod
1019 1632 1183 1691 specialiter
1190 1634 1329 1681 Ecclesirdn·

247 1697 313 1758 quoi
322 1697 356 1743 sit
366 1697 456 1743 divinas
470 1697 550 1745 simile
561 1697 683 1756 imaginis.
698 1700 773 1757 Prop-
797 1698 851 1757 cet,
866 1699 984 1757 quianon
994 1700 1079 1747 solum
1090 1702 1203 1761 anima,
1222 1702 1265 1750 sed
1273 1703 1329 1751 etin

247 1767 316 1812 terea
332 1764 411 1823 imago
421 1764 452 1811 ad
463 1777 520 1811 eum
530 1766 574 1824 qui
589 1768 627 1813 est
640 1766 671 1812 ad
685 1767 773 1826 imagi·
798 1778 854 1814 saro
862 1769 942 1814 nostra
952 1767 1069 1814 servetur
1080 1780 1089 1814 a
1100 1769 1202 1816 anima
1211 1782 1259 1829 per
1267 1771 1330 1831 cogni·

248 1845 320 1892 nem,
330 1833 401 1880 renit
412 1845 418 1878 τ
430 1833 636 1894 etquaeritimago
647 1847 717 1893 euru,
729 1834 772 1894 qui
797 1833 891 1881 tionem
903 1835 962 1893 liei,
977 1847 1032 1882 caro
1047 1848 1098 1896 por
1113 1838 1330 1885 resurrectionen:

248 1902 323 1949 estad
333 1901 520 1950 similitudinem
530 1901 619 1961 sui3ut
627 1902 715 1950 iterum
724 1905 773 1964 sig·
798 1914 901 1961 quorum
917 1903 1021 1949 altsmm
1036 1903 1130 1952 docuit
1142 1903 1232 1952 divini
1242 1906 1331 1954 πάθῃ·-

247 1972 306 2030 net,
317 1972 344 2017 ut
359 1970 448 2017 iterum
459 1970 597 2028 confirmet3
612 1972 671 2029 quia
685 1971 773 2018 amise-
797 1969 848 2015 tate
860 1970 990 2027 sunnonis,
1006 1970 1119 2018 alterum
1134 1973 1252 2035 propria
1262 1984 1330 2022 resar-

247 2051 286 2087 ras
301 2037 367 2099 quod
386 2038 511 2097 occepisti.
521 2038 689 2086 insufflaverat
706 2038 772 2084 enim
798 2036 914 2083 rectionis
924 2038 1049 2096 exemplo.

247 2106 295 2154 tini
313 2106 393 2163 Dens,
414 2107 442 2151 ut
461 2105 626 2165 inspirationis
643 2120 692 2154 suae
710 2107 773 2153 dono
829 2105 866 2152 is.
879 2107 923 2153 llic
933 2106 971 2153 est
984 2118 1041 2165 ergo
1062 2107 1146 2155 homo
1163 2109 1272 2167 gemina
1284 2109 1331 2157 nis

248 2175 352 2223 haberes
361 2175 478 2233 gratiam,
495 2187 568 2234 quam
584 2175 630 2222 tibi
641 2176 682 2223 tua
701 2178 773 2235 culpa
798 2172 902 2221 stantiae.
911 2174 965 2220 iilia
976 2176 1013 2223 est
1024 2174 1095 2221 enim
1106 2175 1176 2223 facti
1188 2178 1330 2235 substantia,

247 2242 386 2291 sustulerat.
405 2243 492 2289 Factus
507 2254 560 2288 eras
573 2242 599 2288 in
615 2243 720 2289 animam
734 2243 772 2289 vi·
798 2241 846 2286 alia
856 2241 967 2300 iigurati:
979 2243 1025 2290 isia
1034 2242 1068 2289 de
1080 2244 1130 2290 liei
1142 2244 1254 2305 Spiritu,
1263 2246 1331 2294 iliade

247 2311 346 2358 ventem
356 2324 363 2355 :
373 2308 431 2356 audi
448 2308 508 2368 quid
523 2309 602 2366 dicat,
618 2322 666 2355 non
677 2311 703 2354 in
720 2322 773 2356 car·
799 2307 866 2354 limo.
875 2311 1005 2368 Propterea
1014 2309 1049 2355 ait
1056 2310 1105 2357 Joli
1114 2323 1122 2355 ε
1132 2314 1332 2361 limitandas

246 2390 314 2436 nem,
322 2378 365 2425 sed
373 2378 399 2424 in
407 2377 652 2424 animamvivoniem.
660 2378 772 2436 Sedquia
797 2378 860 2421 num
874 2391 968 2436 meum5
987 2379 1044 2437 quin
1065 2379 1138 2437 quod
1158 2380 1194 2427 do
1212 2382 1274 2428 limo
1290 2380 1331 2439 esi,

247 2447 360 2506 peccator
370 2445 520 2503 signaculum
528 2443 613 2490 tenere
621 2457 669 2490 non
677 2446 772 2503 potuit,
798 2443 1330 2503 resuscitatur,terraeniminterramredil:

247 2514 307 2560 etin
319 2513 420 2559 crimine
435 2511 528 2570 positus
538 2523 586 2557 non
600 2512 706 2558 habebat
719 2527 773 2572 quae
797 2510 861 2568 quod
872 2514 953 2559 autem
962 2510 1052 2559 iactum
1061 2516 1114 2571 est,
1127 2517 1161 2562 ut
1173 2516 1332 2576 principatum

247 2581 370 2637 Doisunt‚
382 2580 633 2638 sedquaehominum3
644 2583 773 2638 propterea
798 2578 901 2625 honeret
920 2592 993 2639 super
1010 2580 1114 2627 caeteras
1133 2583 1293 2643 arrimantes,
1312 2584 1331 2630 id

247 2648 316 2695 venit
326 2647 444 2692 Dominus
451 2646 533 2691 noster
540 2647 609 2692 iosus
617 2647 734 2704 Christus,
746 2649 773 2694 ut
797 2647 950 2703 praestantius
965 2660 1017 2694 esse
1036 2647 1175 2708 intelligis.
1197 2652 1256 2698 Luti
1275 2653 1331 2699 eoin

247 2716 331 2774 legisti
346 2715 373 2760 in
386 2714 532 2772 Evangelio,
545 2714 570 2760 et
586 2726 599 2759 a
614 2715 715 2762 mortuis
733 2729 773 2762 ro·
798 2714 1332 2767 etiambestiisnobiscumcommuneconsor·

247 2795 347 2842 surgens
367 2795 422 2828 curn
441 2782 534 2828 clausos
552 2782 684 2841 discipulos
701 2797 773 2843 rope·
797 2783 860 2828 tium
871 2784 922 2840 est3
939 2783 964 2829 et
974 2784 1029 2830 ideo
1039 2784 1134 2830 animae
1146 2787 1270 2844 specialis
1279 2800 1333 2847 pra·

247 2852 332 2910 risset,
344 2850 456 2897 claustris
467 2849 589 2907 ingressus
600 2850 637 2897 est
651 2853 773 2899 manenti·
798 2850 906 2907 rogatos
921 2850 1008 2896 donata
1023 2851 1070 2897 est.
1088 2852 1161 2897 ldem
1179 2856 1267 2901 tamen
1282 2856 1332 2914 quia

247 2921 307 2977 hus,
324 2920 350 2966 ut
365 2918 431 2965 dixit
446 2931 452 2963 ε
469 2920 525 2966 Pan
541 2919 613 2966 uobis.
633 2922 696 2967 Sicut
711 2923 773 2969 onisii
798 2918 892 2964 caetel'is
903 2916 1066 2964 animanlibus
1077 2919 1214 2980 imperat3
1226 2923 1257 2969 ut
1265 2921 1334 2982 possit

247 3001 284 3034 me
295 2991 380 3043 Pater,
395 2989 416 3033 ei
430 2999 470 3045 epo
479 2988 546 3033 alitio
557 3000 605 3034 ooo.
618 2990 720 3048 Cumque
731 2989 773 3036 lanc
798 2985 932 3043 imperare,
953 2987 1028 3033 dehet
1048 2987 1100 3034 Deo
1117 3001 1180 3036 esse
1199 2991 1332 3049 solbiectus

246 3058 355 3113 dixisset,
373 3056 513 3113 insufflanit,
529 3057 551 3102 ei
568 3058 629 3103 dixit
643 3059 674 3104 eis
686 3072 693 3103 :
705 3058 773 3104 Acci·
797 3055 904 3101 Doceiur
919 3055 994 3114 igitur
1009 3056 1119 3111 serviret
1140 3060 1173 3105 ut
1192 3061 1227 3106 ad
1238 3073 1334 3120 regnum

245 3127 291 3185 pite
302 3126 413 3183 Spiritum
424 3126 538 3170 sunctum.
797 3124 926 3180 pervenire
947 3123 1080 3169 mereatur.
1102 3124 1154 3180 Qui
1174 3127 1246 3174 enim
1265 3130 1335 3178 servii

277 3193 317 3239 47.
329 3193 433 3238 Videsne
445 3204 502 3251 ergo
512 3204 566 3250 quae
574 3204 659 3239 manus
670 3193 772 3239 iecerint
797 3189 900 3248 Christo,
909 3191 1002 3248 placuit
1010 3192 1069 3237 Deo.
1079 3191 1127 3248 Qui
1138 3195 1335 3255 servitchrisid,

247 3260 383 3318 hominem,
392 3261 646 3319 autquemhominem
654 3261 770 3321 iecerint3
797 3259 877 3316 placei
889 3261 974 3318 utique
986 3261 1102 3317 veritali,
1112 3263 1139 3309 et
1150 3263 1233 3312 debet
1243 3268 1336 3315 nescire

245 3328 316 3374 ilium
327 3328 413 3386 utiqrue
424 3341 497 3386 quem
507 3330 642 3376 secundum
650 3330 771 3376 christum
796 3326 960 3372 mendacium.
979 3327 1024 3383 Qui
1036 3329 1112 3374 servit
1124 3330 1255 3391 iustitiae,
1266 3334 1338 3382 delet

245 3394 389 3441 induimus:
400 3398 563 3454 despoliantes
581 3401 679 3445 ociorem
696 3400 772 3445 laomi-
796 3394 916 3451 repellere
925 3394 1090 3452 iniquitatem.
1100 3397 1151 3453 Qui
1161 3401 1246 3449 servit
1254 3402 1338 3449 imma·

245 3475 298 3509 nem
312 3475 366 3508 eum
382 3463 473 3510 octiduo
483 3465 545 3522 ejus,
564 3468 587 3512 et
600 3467 718 3514 induimus
727 3481 771 3513 no·
796 3462 890 3520 culam,
903 3462 977 3508 debet
989 3463 1074 3510 tenere
1086 3466 1251 3516 Cisiimoniae
1264 3471 1338 3521 disei-

245 3542 298 3576 enm
303 3562 312 3586 ,
324 3533 365 3590 qui
372 3534 497 3578 renovator
508 3534 533 3579 in
541 3535 681 3592 agnitionem
689 3548 770 3581 secun-
795 3529 898 3586 plissam·
913 3530 961 3587 Qui
980 3531 1057 3577 servii
1072 3531 1141 3590 luci,
1158 3534 1243 3583 debet
1260 3539 1343 3587 odisse

246 3599 300 3645 duan
310 3601 437 3660 imupinnn
447 3600 496 3659 eino
507 3603 548 3660 qui
557 3604 642 3650 creauit
652 3617 719 3663 eons5
730 3605 770 3651 udi
795 3597 908 3643 tenebris
917 3599 1082 3656 peccatorum·
1100 3600 1166 3658 Ergo
1178 3605 1243 3661 qnia
1251 3619 1340 3666 corpus

244 3679 292 3713 non
303 3671 375 3715 est...
391 3682 469 3717 anons
479 3672 501 3717 ei
512 3670 584 3727 liber,
602 3673 641 3718 sed
654 3676 733 3720 omniu
748 3676 769 3720 ct
796 3663 918 3711 infirmum
927 3667 978 3723 ests
989 3665 1157 3714 Vissimiffieffl
1172 3671 1341 3735 DOffliUiPi*

245 3737 270 3781 in
281 3737 386 3784 omnibns
397 3738 511 3785 Christus.
527 3738 648 3787 Christum
659 3753 715 3799 ergo
731 3741 770 3786 in·
790 3757 1341 3783 -—--———-—

245 3802 351 3864 dnimns,
360 3805 521 3853 sicutetalibi
530 3806 621 3854 dictum
630 3811 681 3854 est:
692 3809 770 3857 Gloria·
817 3797 929 3836 unverre
941 3799 977 3836 ¹²³⁰
991 3799 1067 3836 (ΗΜ
1076 3800 1151 3839 ‘¹⁰⁰“i
1163 3808 1294 3846 ⁵⁸⁶0¹d⁰¹⁶
1306 3814 1342 3848 ⁸¹²

245 3873 294 3916 ium
302 3872 415 3920 induistis.
426 3873 569 3932 Accepimus
576 3875 693 3934 Spiritum
702 3887 770 3922 sarro-
795 3851 1344 3963 {ffiffl{¹¹:¹¹¹'ffreffllgsffssss'gssfaffipffrg'ssfffiffi

246 3939 316 3995 ium,
335 3938 378 3998 (1¹1i
399 3951 447 3986 ¹1⁰ss
467 3940 546 3985 80]ῦηὶ
568 3942 648 3988 nostra
669 3944 769 4002 peccata
795 3963 837 3997 tern
848 3957 970 3996 remittendi
979 3961 1061 4005 peccata
1069 3959 1176 3999 silurum.
