2760 4794
144 400 190 449 280
543 397 662 442 sanent
678 395 839 441 lussnosll

140 481 249 530 siderare
267 492 316 529 nou
336 479 450 538 auderet,
462 476 617 525 considerare
633 479 671 525 ta-
697 476 822 523 bominem
833 471 995 531 arbitrantes,
1006 467 1232 532 concupiscentii·

141 548 283 601 menrcllet
296 548 406 608 :quanto
421 546 499 605 magis
516 547 611 593 vultum
623 547 672 592 Do-
696 544 763 591 dere.
776 542 890 591 Procedit
905 540 1060 601 imperator,
1071 540 1151 598 cnjus
1166 538 1234 596 regia

142 617 206 663 mini
222 614 380 675 corporaliter
396 614 482 662 ridere
503 613 671 671 desiderabat,
696 613 812 671 potestati
823 610 951 659 commissa
963 621 1021 670 pars
1032 609 1072 657 est
1080 609 1154 656 orbis
1165 608 1233 654 terra-

142 684 227 731 dicens
243 683 308 730 intra
325 695 352 730 se
367 684 462 730 vultum
481 682 552 729 illurn
569 683 671 742 plenum
681 671 686 732 l
696 694 765 737 rum,
783 680 932 728 concurrunt
948 691 1057 737 omnes,
1077 679 1108 724 et
1125 677 1154 724 in
1171 676 1233 723 mnia

142 752 221 811 lucis,
231 752 333 811 plenum
341 752 423 810 gloriae
430 783 438 810 ,
445 751 547 810 plenum
559 750 672 807 ablutis,
682 737 686 809 Ι
696 749 854 797 multitudine
863 748 935 795 illum
945 749 1029 795 solnm
1040 746 1177 806 adspicere
1185 756 1234 803 ges-

143 821 243 880 plenum
254 820 399 868 divinitatis.
408 822 459 868 lton
468 821 523 879 plus
530 831 628 878 possum
636 818 674 864 di·
696 820 775 878 tinnt,
785 818 850 866 etde
860 817 955 877 fulgore
967 827 1090 876 purpurae
1100 816 1160 874 plns
1170 812 1234 874 qaid·

143 900 199 936 cere
210 891 251 936 vel
262 890 353 936 sentire
362 889 467 936 deDeo:
478 888 674 936 cumenimcoa-
696 887 752 934 dam
769 899 823 935 esse
837 886 864 932 in
877 886 948 934 vultu
963 884 1132 944 imperatoris
1153 882 1234 930 eristi-

142 960 291 1008 cummnoerit
305 958 389 1015 tomo,
404 960 459 1005 mue
477 958 557 1015 incipit
569 970 577 1001 .·
588 957 610 1001 et
621 967 673 1001 cnm
698 957 773 1003 mant.
781 954 877 1002 iliraris
886 953 960 1001 siDci
966 950 1151 1000 desiderabilis
1158 950 1234 997 rultns

142 1027 241 1085 desinit,
262 1031 316 1075 lunc
335 1025 496 1087 aporiabitur,
511 1024 539 1070 ut
554 1022 673 1082 scriptum
698 1023 750 1081 est,
767 1035 823 1070 cum
834 1021 984 1070 conformem
993 1019 1037 1066 sni
1048 1019 1182 1065 bominem
1193 1017 1234 1064 bn·

142 1097 194 1154 est3
212 1097 270 1156 quia
294 1092 551 1156 incomprehensibilis
571 1091 609 1139 est
626 1059 783 1147 Deilruanus
800 1090 880 1138 onmis
902 1088 1008 1136 miretur
1031 1085 1161 1134 allectus?
1176 1085 1232 1132 iiiuc

143 1163 235 1211 aeterua
246 1164 369 1222 majestas.
698 1160 771 1207 datur
781 1157 887 1219 intelligi
898 1158 974 1204 etiam
984 1155 1066 1214 illud,
1073 1153 1148 1214 quod
1160 1154 1233 1212 impe-

174 1232 213 1278 l8.
222 1233 309 1280 lrritus
318 1232 419 1292 quidem
437 1231 490 1278 orat
504 1225 674 1289 postulationis
697 1229 773 1277 ratori
787 1228 956 1288 unusquisque
966 1225 1073 1273 nullius
1081 1236 1147 1271 reus
1158 1221 1233 1270 crimi-

143 1299 257 1359 eiiectus,
273 1301 316 1348 sed
330 1301 431 1348 allectus
446 1298 579 1358 probabilis
593 1295 673 1354 servi3
698 1298 736 1344 nis
751 1298 825 1357 gestit
840 1295 1054 1345 occurrere.Nam
1072 1293 1126 1342 etsi
1144 1291 1232 1339 crimea

142 1369 201 1428 qnia
209 1371 274 1416 ultra
281 1369 469 1416 nutriramsuam
477 1366 608 1413 devotione
619 1375 675 1423 pro·
698 1364 788 1412 babeat
799 1364 947 1412 conscicntia
955 1395 963 1420 ,
972 1362 1066 1421 tegunt
1075 1360 1146 1408 illud
1155 1361 1232 1407 umen

143 1450 240 1498 gressus
254 1439 285 1484 de
296 1437 395 1483 Domini
408 1435 508 1494 Angelis
525 1433 673 1491 aestimabot,
697 1433 776 1480 cordis
791 1434 902 1490 occulta,
920 1431 1057 1479 dummodo
1067 1428 1175 1490 publico
1189 1439 1232 1474 noa

143 1506 263 1562 quantum
281 1503 308 1549 in
321 1502 420 1549 Domini
430 1501 528 1548 ruitum
538 1500 595 1558 plus
608 1499 674 1546 desi·
697 1503 728 1550 sit
739 1502 864 1550 involutus
871 1502 954 1559 reatu,
961 1512 1009 1549 nec
1020 1499 1056 1547 sit
1066 1497 1175 1559 aliquod
1185 1495 1232 1555 eim

144 1570 313 1630 deraret,quo
324 1568 484 1629 cupiditatem
495 1579 563 1614 suam
573 1567 674 1626 gestiret
697 1571 792 1618 crimen
808 1581 952 1630 expressum
972 1582 980 1612 a
997 1567 1115 1627 denique
1137 1565 1182 1613 ubi
1197 1563 1231 1612 rai

144 1640 256 1698 explere.
266 1640 371 1685 Noverat
380 1638 407 1684 in
425 1638 479 1696 ipso
488 1635 590 1683 bomine
601 1635 673 1681 aliam
697 1639 774 1699 aliqui
784 1639 877 1686 tuerint
885 1635 1006 1685 adnotati*
1013 1637 1043 1683 et
1053 1634 1230 1695 imperatoriae

143 1707 199 1766 post
221 1706 326 1752 mortem
344 1704 454 1751 laturam
471 1704 586 1762 gloriam,
600 1703 674 1750 aliam
698 1708 723 1754 et
738 1708 799 1767 ipsis
811 1707 937 1765 iudicibus
946 1705 1036 1752 oiierre
1050 1702 1231 1764 probibentur:

145 1774 292 1823 claritatem.
303 1773 372 1821 Sicut
383 1773 451 1821 enim
461 1773 533 1820 stella
542 1784 556 1819 a
566 1772 636 1818 stella
648 1771 674 1818 in
696 1775 902 1834 quomadmodum
917 1775 1002 1833 turpes
1013 1773 1144 1820 lenonum
1155 1781 1231 1816 mere·

145 1842 256 1892 claritate
268 1842 319 1903 est,
328 1842 398 1889 itaet
407 1841 554 1889 resinrectio
565 1842 674 1888 monno-
697 1844 834 1904 iricumque
845 1853 956 1903 personas
965 1852 980 1887 a
990 1839 1134 1900 conspectu
1145 1837 1186 1886 rel
1196 1836 1231 1893 iu-

143 1925 199 1960 rum
216 1926 223 1957 ε
239 1924 294 1971 qum
310 1911 358 1960 etsi
373 1911 508 1960 seminatur
525 1911 552 1957 in
574 1921 675 1969 nonup-
697 1910 773 1967 dicis,
784 1913 825 1959 nel
834 1909 988 1970 imperatoris
997 1908 1176 1966 arcentnr3ne
1185 1908 1232 1953 tnr-

144 1981 229 2040 tione,
241 1981 324 2040 surget
338 1981 422 2027 tamen
433 1980 460 2026 iu
476 1979 673 2038 incorruptione,
697 1980 853 2039 pissimorum
865 1984 935 2027 uisus
946 1977 1057 2027 offendat
1071 1977 1161 2025 vultus
1175 1975 1232 2036 regii

145 2052 229 2110 surget
237 2050 263 2096 in
274 2049 456 2109 gloria,snrget
466 2049 492 2094 in
503 2048 610 2106 uirtute,
621 2059 675 2094 sur·
698 2050 843 2098 claritatem.
862 2051 911 2108 Qui
931 2048 1015 2096 autem
1028 2047 1097 2094 bene
1112 2046 1164 2093 sibi
1179 2056 1232 2093 coa

145 2128 187 2180 gea
197 2132 283 2179 corpus
293 2118 415 2177 spiritale.
423 2117 471 2175 Qui
482 2128 538 2170 ergo
548 2117 601 2164 baec
612 2118 675 2164 scire
698 2119 762 2166 scius
777 2119 828 2178 est,
840 2119 935 2166 nulllus
950 2116 1065 2164 criminis
1077 2126 1157 2174 reus,
1168 2108 1231 2175 quta

145 2191 255 2250 poterat,
266 2190 355 2237 morito
365 2188 529 2248 praesumebat
540 2187 569 2233 ut
579 2188 675 2234 vultum
698 2185 821 2234 innocens
826 2188 907 2247 prodit
917 2187 944 2233 in
953 2184 1078 2233 medium.

144 2259 191 2305 Dei
202 2257 289 2305 uidere
300 2259 416 2316 cuperet,
428 2267 502 2315 quem
513 2254 578 2301 esset
594 2255 675 2316 obita,
727 2255 767 2304 20.
784 2258 821 2302 Ex
838 2257 878 2303 his
893 2267 950 2313 ergo
966 2253 1048 2302 sancti
1059 2250 1155 2311 Moysis
1170 2261 1232 2297 com

146 2326 255 2385 corporis
274 2325 353 2372 morte
376 2327 483 2370 risurus.
501 2322 586 2368 l'alem
608 2327 675 2371 certe
698 2317 1232 2383 prebendamusaiiectum.t⁷idereDeirul·

146 2394 221 2441 eiiam
232 2394 334 2440 formam
352 2393 496 2450 receperat,
506 2391 582 2437 talem
590 2390 676 2437 Domi·
698 2393 750 2440 tum
758 2393 827 2452 quasi
836 2394 952 2439 innocens
962 2389 1034 2438 velut
1043 2388 1156 2448 quodam
1165 2387 1231 2435 vulta

145 2475 193 2509 nias
210 2463 260 2520 jam
271 2461 407 2520 probabat3
420 2460 448 2507 nt
466 2470 517 2505 non
527 2458 630 2506 distaret
645 2460 676 2506 ab
699 2461 854 2509 conscientiae
863 2459 1036 2508 desiderabat:
1049 2457 1153 2516 aperire
1164 2455 1189 2502 ei
1198 2454 1231 2501 ta-

146 2529 245 2587 nngelis
259 2528 366 2574 coelestis
378 2525 492 2573 minister
505 2527 530 2572 et
545 2527 676 2573 exsecutor
699 2531 762 2577 ciem
773 2531 863 2577 mentis
874 2530 993 2578 internae.
1007 2525 1126 2585 cognosci
1137 2524 1231 2583 plenius

146 2597 248 2644 oraculi.
257 2597 287 2642 nt
303 2596 358 2641 ideo
369 2607 425 2640 curn
437 2595 511 2640 sciret
520 2594 578 2651 qula
590 2594 676 2652 angeli
698 2600 818 2656 gestiebat
829 2600 854 2645 ot
863 2599 970 2649 Moesos,
979 2597 1003 2643 et
1013 2599 1069 2653 ipse
1080 2594 1183 2641 sanctus
1190 2593 1232 2638 Da·

147 2665 290 2724 pusillorum
296 2663 407 2721 quotidie
416 2662 530 2709 viderent
536 2661 625 2707 taciem
633 2663 676 2708 Pa·
698 2666 757 2721 vid,
768 2666 812 2725 qui
824 2666 884 2712 alibi
895 2667 930 2711 ait
942 2677 949 2709 ε
960 2662 1040 2711 Probo
1051 2676 1105 2718 me,
1117 2664 1230 2714 Domine,

145 2732 191 2779 tris
201 2732 243 2791 qui
254 2732 282 2777 in
293 2731 361 2778 coelis
376 2731 427 2787 est,
438 2729 535 2788 putavit
547 2729 612 2788 quod
626 2730 675 2786 iarn
698 2737 719 2779 ct
731 2737 795 2781 lento
804 2748 849 2781 me.
862 2735 914 2780 Non
926 2733 991 2780 onim
1006 2731 1089 2778 nollet
1098 2729 1202 2789 probari
1213 2730 1232 2776 sl

148 2812 202 2848 eam
217 2799 303 2846 videre
322 2799 436 2856 deberet,
448 2800 573 2857 tamquam
585 2799 676 2846 oblitus
700 2799 725 2845 in
740 2812 766 2848 se
782 2801 876 2848 crimen
891 2798 1052 2859 agnosceret:
1065 2809 1112 2845 nee
1128 2796 1231 2853 tentari,

148 2870 269 2927 corporis,
281 2870 307 2915 et
324 2877 396 2914 carne
414 2868 540 2927 deposita,
557 2867 621 2915 sicui
632 2868 675 2914 ille
699 2871 720 2915 si
737 2869 891 2928 passionibus
913 2867 1028 2927 gravibus
1048 2878 1077 2913 se
1095 2866 1177 2914 sciret
1194 2865 1233 2911 ob·

146 2939 227 2998 quiin
243 2949 343 2996 corpore
356 2936 435 2983 adbuc
449 2935 558 2993 positus,
569 2948 624 2983 cum
639 2948 677 2982 ra·
699 2939 810 2985 noxium.
822 2938 895 2984 Liber
904 2936 980 2994 igilur
990 2947 1004 2982 a
1015 2936 1133 2995 peccato,
1146 2934 1198 2981 Deo
1208 2946 1233 2981 sc

146 3006 676 3066 pereturinparadisum‚utrumincorpore,
699 3006 803 3064 cupidus
830 3005 958 3052 atterebat.
979 3004 1027 3052 Sed
1048 3003 1156 3050 tortasse
1178 3002 1232 3062 quia

147 3074 676 3135 siveextracorpusraptusessetadtertium
699 3075 779 3123 adbuc
797 3074 1004 3132 frequentioribus
1017 3073 1065 3118 Dei
1082 3072 1234 3120 visitationi·
1264 3125 1269 3136 ⁸

147 3146 250 3205 coelum,
269 3145 364 3192 nescire
379 3156 405 3190 se
419 3143 492 3190 dixit.
511 3143 594 3191 Sancti
611 3137 689 3190 enim'
700 3143 746 3190 bus
756 3142 862 3190 mundus
873 3155 887 3188 a
898 3142 959 3190 villo
968 3154 1018 3188 non
1028 3141 1108 3200 foret,
1116 3153 1171 3188 non
1181 3140 1234 3187 fue-

148 3217 223 3262 etiam
243 3226 299 3261 euin
317 3215 405 3273 gerunt
428 3223 530 3271 corpus,
552 3223 601 3258 non
620 3216 678 3261 suni
700 3212 732 3258 rit
748 3212 775 3257 in
791 3211 913 3270 principio
927 3209 1067 3269 perlectus,
1084 3208 1177 3266 utpote
1195 3208 1234 3256 cui

146 3282 264 3328 tamenin
276 3293 358 3338 carne,
366 3280 443 3327 sedin
450 3279 551 3339 spiritu,
562 3281 689 3341 quoniamt
700 3281 755 3327 ante
767 3281 895 3338 paululum
911 3280 1006 3327 dictum
1017 3278 1071 3326 erat
1080 3291 1088 3323 a
1098 3279 1168 3326 Soloe
1188 3279 1235 3325 cab

147 3351 226 3410 quiin
237 3348 372 3408 cupiditate
389 3350 414 3394 et
425 3348 610 3395 conversatione
621 3351 678 3395 sunt
700 3352 844 3396 caementum
853 3350 937 3407 pedum
948 3352 1041 3395 tunnam
1049 3362 1058 3405 ‚-
1067 3347 1132 3393 illud
1147 3347 1234 3406 utique

147 3418 258 3474 carnali,
284 3418 337 3462 Deo
361 3415 459 3474 placere
490 3428 541 3462 non
566 3418 675 3473 possunt.
701 3417 893 3463 calceamentum
903 3415 967 3475 qnod
978 3415 1009 3462 de
1019 3417 1122 3475 AEgypto
1134 3415 1235 3462 detule-

148 3485 246 3532 Sancti*
256 3483 535 3531 autemconversatioin
545 3496 617 3530 carne
629 3497 676 3531 non
700 3486 752 3544 rat,
768 3487 814 3533 buc
830 3486 881 3544 est,
901 3496 1022 3544 corporeae
1037 3484 1236 3534 conversationis

148 3553 300 3611 erat,sedin
309 3552 455 3610 coelo,sicut
463 3554 550 3599 Paulus
561 3553 675 3600 ostendit.
700 3553 870 3611 involucrnm3
889 3552 945 3598 ideo
964 3551 1025 3597 dicii
1041 3551 1066 3598 ei
1085 3552 1233 3599 Dominus:

179 3623 217 3670 l9.
229 3623 258 3669 Et
268 3621 327 3681 qnid
337 3622 446 3687 dicamus
457 3621 487 3668 do
502 3621 622 3680 probabili
634 3623 677 3668 de·
702 3622 773 3669 [teneo
784 3623 905 3669 linonicum
917 3621 1000 3669 videbit
1009 3620 1095 3679 funem
1106 3633 1204 3678 meam,
1215 3621 1236 3667 et

148 3689 239 3738 siderio
247 3689 330 3736 vultus
342 3687 436 3735 divinit
445 3689 560 3736 llomines
571 3691 646 3737 etiarn
656 3692 675 3737 si
699 3693 766 3738 ciret.

148 3770 222 3820 quem
230 3757 349 3816 nobilem,
358 3757 379 3803 si
387 3769 460 3834 quern
472 3757 595 3818 fortem,si
603 3772 676 3818 quem
698 3764 1237 3834 ’Μ

148 3828 285 3887 sapientem
294 3837 347 3872 esse
353 3824 466 3882 audfflssta
472 3825 595 3885 tamquam
604 3840 675 3886 supra
699 3851 790 3892 Secoicir,
799 3852 838 3896 leg.
847 3851 883 3891 ii.
895 3825 921 3887 ne
929 3851 1029 3895 turpium
1038 3858 1185 3895 personarum
1193 3819 1236 3897 pie·

134 3936 136 3940 ,
700 3908 759 3941 turos
767 3905 789 3940 in
799 3905 849 3941 locis
861 3904 899 3939 ubi
909 3905 1060 3940 consecrantur
1070 3903 1236 3950 imperatorum

170 3962 179 3980 ⁴
188 3959 240 3999 llaec
249 3968 289 3997 vox
297 3959 357 3995 sancti
370 3957 396 3993 de
405 3955 475 4004 Moyse
487 3956 623 4002 intelligenda
635 3961 676 4003 esi,
701 3958 803 4004 imagines
816 3957 876 3994 liceat
886 3957 976 3993 Mnotorc
992 3953 1086 4002 tofsnlrer.
1104 3960 1207 4002 caperer).
1216 3975 1235 3985 -

57 4050 63 4062 ‚
148 4013 225 4060 quippe
233 4009 431 4058 anusconversalio
438 4011 461 4047 in
470 4010 522 4049 cneio
530 4010 676 4055 toret‚Cbris-
700 4012 749 4048 lleur
765 4011 874 4052 oduototes.
892 4009 993 4057 coupable
1010 4007 1062 4046 dont
1079 4009 1099 4045 le
1117 4010 1190 4047 crirne
1207 4013 1236 4054 est

150 4068 196 4102 turn
206 4064 278 4102 Jesuru
289 4063 419 4112 expectantis.
701 4061 771 4105 rendu
779 4062 851 4110 public
860 4072 897 4110 par
906 4072 949 4108 une
958 4060 1121 4111 proclamantium.
1131 4103 1136 4109 ,
