2760 4794
140 326 176 382 U
462 367 465 372 ,
547 321 668 374 sancti
681 321 844 370 lucessit

142 409 294 478 periectumi
305 411 343 461 Au
358 419 416 459 tero
436 405 475 456 illl
492 407 671 471 possuulvelle
696 407 774 456 vitem
801 413 986 470 pauperemque
1006 392 1163 461 demutaret
1181 387 1234 449 sed

140 483 270 532 hominem
287 493 341 529 esse
357 477 513 540 perlectum,
528 478 573 538 qni
591 477 672 524 Deum
696 487 754 522 eum
771 486 922 538 pauperem,
932 472 1032 534 quipro
1047 469 1097 518 lide
1109 466 1233 518 etdevo·

142 551 232 600 nolunt
251 561 305 598 csso
328 546 483 608 perfectumt
505 547 569 594 illud
580 565 583 574 ·
596 546 672 594 etiarn
697 543 878 593 lionevulnera
898 541 1071 602 corporicnon
1086 537 1232 596 horruerit,

143 617 254 668 breviter
271 613 357 664 tex'tus
376 615 493 676 operatur
510 614 633 674 historia,
645 611 673 659 ut
697 612 786 660 iamenu
794 612 969 672 jejuniumque
981 607 1135 658 toleraverit.

34 684 39 690 ’
143 682 673 744 advertamusquameitoreniaspesseeuta
727 672 1235 740 uscumiptumaberetpopulnsinraeo-

143 753 186 802 sit.
196 754 248 802 Non
258 752 382 801 mediocre
393 752 492 811 auteur,
503 751 568 811 qued
577 750 674 797 Nathan
698 764 753 800 rurn
770 752 797 801 iu
815 752 867 800 suis
877 751 993 810 gregibus
1010 748 1130 809 plurimas
1147 743 1235 804 sopiat

144 820 300 870 denuntiavit
317 822 356 882 ei,
371 821 418 870 hoc
437 822 488 880 est,
500 819 603 868 interior
617 831 675 880 pro·
698 820 846 878 hostiarum
855 821 938 866 tamen
945 829 1019 864 unam
1025 813 1147 863 oviculam
1155 823 1234 873 quam

143 891 335 952 phetailnaurs
346 891 414 939 enirn
424 888 573 939 verecundia
582 887 674 948 pudor·
699 891 804 951 populus
818 890 862 937 ilie
877 900 972 950 pauper
986 885 1105 944 habebat,
1120 882 1232 944 eripuit,

144 971 194 1020 que
213 960 314 1020 delicti,
330 960 362 1008 ab
380 959 498 1008 interiore
516 956 674 1018 reprehendi.
699 959 807 1018 gloriosae
824 957 892 1004 illam
903 955 1040 1014 subiiciens
1055 952 1175 1014 passioni.
1186 951 1234 999 Vis

144 1028 243 1077 Videtis
260 1029 327 1090 qood
348 1029 422 1089 culpo
442 1027 548 1087 qratiam
567 1027 674 1073 minuat.
700 1029 762 1077 scire
772 1023 1234 1089 qnamovemtsucetooeacotcttmem

144 1095 433 1158 Sciebatllathuo,quod
442 1093 674 1144 Drridnesciebat:
700 1099 780 1146 ductus
789 1100 835 1156 est,
845 1095 889 1156 qui
897 1106 960 1155 pane
970 1091 1089 1154 pauperis
1098 1090 1232 1149 alebatur,

145 1165 208 1217 adeo
216 1162 336 1228 caligabat
345 1168 442 1215 animus
449 1165 609 1214 obumbratus
616 1174 676 1224 qua·
701 1168 727 1215 et
743 1167 804 1228 potu
814 1164 930 1227 pauperis
939 1162 1070 1220 utebatur,
1087 1160 1113 1208 et
1127 1159 1157 1206 in
1173 1159 1234 1208 sinu

146 1235 205 1284 darn
221 1236 287 1286 naha
307 1235 444 1284 vitiorum!
459 1232 557 1282 Deinde
576 1232 619 1280 hic
640 1231 678 1281 est
701 1236 816 1296 pauperis
827 1233 974 1282 dormiebat.
984 1228 1077 1279 Nostris
1093 1228 1162 1277 enlm
1172 1228 1234 1278 ute·

145 1303 240 1353 ltaihan
247 1337 256 1364 ,
266 1305 310 1366 qul
321 1305 348 1353 ln
361 1303 531 1364 superioribus
539 1302 620 1349 David
636 1312 675 1348 ac·
701 1304 775 1353 batur
785 1301 922 1362 alimentis,
932 1301 960 1348 in
973 1297 1050 1348 nostri
1060 1297 1168 1360 pecteris
1177 1309 1235 1358 qre·

146 1373 247 1435 ceptum
254 1371 574 1432 Doustnoprophstavitqut
584 1369 678 1419 doleret
702 1373 751 1420 mio
760 1370 912 1432 quiescebat.
923 1368 1015 1416 Namln
1022 1367 1164 1415 tudaeorum
1173 1365 1234 1415 sinu

147 1442 236 1491 eodem
244 1441 405 1500 redarguente
413 1439 615 1499 peccatum,quo
622 1450 678 1499 pro·
701 1441 829 1501 quiescere
846 1453 872 1488 se
886 1450 936 1486 non
951 1449 1022 1499 possa
1035 1435 1183 1484 memoravit
1192 1436 1234 1483 di-

147 1511 282 1574 phetante‚
292 1510 409 1558 meritum
420 1510 501 1558 iuerat
507 1509 676 1570 predicatum.
702 1520 760 1556 cens
771 1520 777 1554 ι
787 1509 861 1556 litim
869 1507 968 1556 hominis
975 1518 1023 1554 aon
1033 1503 1102 1554 babet
1111 1503 1154 1552 ubi
1160 1507 1234 1567 copul

179 1580 218 1628 or.
229 1578 278 1627 Sed
292 1579 344 1638 jam
357 1577 504 1638 mysterium
513 1575 676 1638 requiramus.
701 1591 770 1627 uuum
780 1579 884 1627 recinet.

147 1650 215 1707 Duo,
225 1646 321 1708 inquit,
336 1648 384 1695 etri
394 1649 463 1694 aaut
474 1648 500 1693 ia
510 1659 561 1694 une
571 1647 662 1694 civitate
667 1677 677 1704 ,
732 1647 771 1695 89.
782 1647 812 1694 Et
819 1645 890 1694 venit
899 1644 1002 1704 hospes,
1010 1641 1100 1704 inquit,
1107 1641 1140 1690 ad
1147 1639 1234 1692 vuum

147 1731 209 1766 unua
216 1718 290 1774 disee,
302 1719 325 1764 et
337 1716 398 1764 ulter
406 1728 506 1776 pauper.
517 1715 577 1773 Quis
587 1714 626 1762 est
635 1714 678 1761 hic
702 1716 773 1763 illum
784 1715 897 1763 divitem.
905 1714 966 1773 Quis
973 1714 1063 1761 estiste
1070 1712 1160 1772 hospes
1167 1744 1175 1772 ,
1183 1711 1235 1761 nisi

149 1786 271 1836 divasaut
280 1797 388 1846 pauper,
397 1784 445 1832 nisi
454 1783 518 1833 torte
526 1795 679 1844 unuspopu-
702 1785 843 1834 miserabile
859 1783 1006 1844 peccaums
1015 1782 1110 1831 Etenim
1122 1783 1196 1843 culpa
1206 1783 1235 1831 in

152 1857 192 1904 lus
200 1855 355 1915 iudaeorum,
368 1853 394 1901 et
407 1854 471 1901 alter
480 1854 585 1914 populus
597 1853 679 1900 chris·
703 1853 893 1902 huncmundum
899 1849 1235 1912 tamquamhospesiutravit,

148 1923 297 1973 tianustllle
303 1923 374 1972 dives
381 1921 568 1982 inheqe‚dives
575 1921 680 1982 eloquiis
703 1925 783 1972 aliena
798 1923 885 1972 nostra
897 1923 923 1970 et
933 1921 1063 1981 peregrina
1073 1919 1177 1968 naturae.
1187 1920 1236 1967 lta-

148 1991 680 2052 Deisibicredltis,divesprophetiis,dives
703 1988 1237 2054 quenondesmsqreqibusnoslianobtulin

149 2064 272 2111 oraculise
288 2063 331 2110 hie
347 2074 408 2110 uero
421 2073 525 2122 pauper.
540 2061 589 2110 Sed
603 2062 680 2109 nolite
703 2062 747 2110 sed
758 2060 988 2121 accepitovicuiam
998 2057 1237 2119 pauperimeiocci-

150 2131 216 2180 hane
225 2130 340 2190 reiuqere
353 2129 540 2192 paupertatem,
555 2142 630 2189 quam
641 2143 681 2179 se·
703 2131 824 2179 dititlam.
833 2126 1163 2189 cnjmquidempassiolicet
1177 2128 1238 2188 qni·

149 2201 348 2262 quitorreqnunr
364 2201 490 2248 eoelorum.
509 2199 681 2262 scriptumest
704 2201 806 2250 busdam
814 2201 844 2248 ad
851 2198 998 2248 sacrificium
1009 2195 1238 2257 salutareproiece·

150 2269 218 2318 euim
229 2280 237 2316 a
247 2271 317 2318 Beati
328 2280 443 2331 pauperes
458 2270 556 2331 epieto,
568 2271 679 2330 quoniam
703 2272 747 2332 rit3
759 2272 843 2320 tanum
854 2269 955 2318 videtur
965 2267 1016 2316 illis
1025 2267 1064 2316 sui
1075 2266 1152 2316 luisse
1163 2266 1239 2316 iuro-

149 2341 253 2400 a'paoruna
262 2340 296 2387 est
305 2351 404 2399 requam
412 2340 530 2386 coetoracm.
542 2339 609 2385 Bona
618 2351 681 2398 pau·
704 2342 738 2388 ris
748 2340 908 2395 alimentum,
919 2338 945 2385 el
954 2337 1024 2384 cibus
1038 2337 1134 2397 culpae,
1146 2336 1237 2385 incen-

149 2404 679 2467 perius,quaequodhabuerit‚nouamittit·
704 2406 1238 2469 tivumquepeceati.Deniqueludaspanem

150 2475 218 2523 Dona
227 2473 372 2534 paupertas,
385 2485 439 2531 quae
454 2473 475 2519 si
486 2472 617 2520 thesauros
631 2484 681 2520 non
705 2478 800 2538 accepit
811 2491 826 2525 a
837 2477 945 2535 Christo,
961 2477 987 2524 el
997 2477 1055 2523 tune
1065 2475 1142 2534 maqis
1152 2477 1237 2537 reple·

150 2543 228 2590 habet
237 2540 449 2601 pecmtae,habet
459 2542 543 2588 minen
553 2541 680 2589 thesauros
705 2548 745 2594 tus
763 2548 800 2594 est
818 2547 929 2606 diabolo;
941 2545 999 2606 quia
1016 2557 1066 2592 non
1084 2538 1180 2605 aceepit
1202 2558 1239 2594 ex

150 2610 261 2659 scientiae
276 2609 349 2670 atque
366 2608 502 2670 sapientiae.
516 2609 681 2670 Nolite,fiiii,
705 2616 767 2676 lide,
779 2615 821 2676 qui
837 2618 887 2664 tam
905 2613 1021 2678 hospitali
1040 2615 1142 2664 Domino
1151 2616 1239 2677 prodi.

150 2677 438 2741 quasivilemdespicere
449 2678 682 2739 paupertatemlsle
706 2687 797 2733 tionem
805 2685 917 2745 parabat.

147 2761 239 2810 pauper
254 2748 377 2805 ote-mooli,
389 2751 411 2796 et
433 2750 549 2796 Dominus
564 2750 682 2797 exaudivit
735 2754 774 2802 60.
785 2755 815 2801 Et
832 2755 909 2802 iratus
928 2752 965 2801 esi
979 2753 1059 2803 David
1070 2752 1100 2799 ad
1115 2751 1186 2801 illum
1196 2754 1239 2801 vi-

151 2831 213 2866 cum.
229 2817 310 2864 Nolite
325 2817 396 2877 quasi
411 2817 506 2877 magnis
521 2817 634 2865 invidere
644 2819 683 2866 di·
705 2837 769 2871 rum.
782 2824 897 2871 Diximus
907 2823 972 2883 quod
980 2836 1024 2883 per
1034 2823 1179 2882 Prophetam
1189 2823 1238 2870 Ju-

151 2885 221 2933 vitiis
239 2898 246 2932 ε
264 2887 351 2934 Diuites
369 2888 481 2945 spuerunt
498 2888 521 2933 et
540 2888 680 2933 esurierunt.
706 2893 814 2940 daeorum
833 2893 938 2952 populus
958 2892 1111 2950 declaratur,
1132 2892 1159 2939 et
1177 2891 1239 2941 ideo

152 2953 202 3003 sed
218 2952 324 3001 siuultis
343 2953 436 3001 hebere
454 2952 531 3012 bona,
550 2954 683 3000 Dominum
706 2962 751 3009 sub
760 2962 806 3009 hac
816 2961 893 3020 figura
908 2973 935 3007 se
946 2961 1000 3020 ipse
1010 2958 1165 3008 condemnat,
1175 2960 1239 3022 Dig-

151 3024 255 3087 qssaeriti
273 3037 280 3070 ²
296 3025 441 3085 Intimilii
463 3026 526 3071 enim
542 3025 683 3081 Militum,
707 3043 753 3078 uus
764 3030 801 3077 esi
812 3029 891 3076 morte
902 3028 943 3076 vir
955 3028 999 3075 ille
1010 3028 1052 3088 qui
1067 3026 1198 3089 fecithoc,
1210 3031 1238 3079 et

150 3108 201 3144 aon
209 3095 313 3154 demeat
322 3094 387 3141 omni
398 3093 465 3141 bono.
477 3095 540 3152 Ergo
556 3093 633 3141 nolite
644 3106 684 3141 re·
707 3099 828 3148 oviculam
839 3097 952 3146 restituet
962 3097 988 3143 in
998 3096 1161 3158 quadruplum
1169 3131 1178 3159 ,
1187 3098 1238 3146 hoc

153 3175 239 3212 cusare
250 3175 349 3210 omnem
366 3174 511 3223 pauperem.
525 3163 620 3222 Pauper
631 3163 684 3209 erat
708 3168 745 3216 est
754 3167 893 3227 periturum
902 3166 1181 3226 populumludaeorum,
1191 3169 1238 3216 sed

151 3233 252 3290 Petrus,
271 3232 297 3278 et
307 3241 381 3289 quem
393 3231 507 3288 donaret,
527 3232 683 3278 nummulum
708 3235 908 3282 cumulatioribus
925 3235 995 3283 bonis
1013 3228 1145 3283 fruiturum
1156 3249 1238 3299 popu·

152 3312 204 3348 non
224 3299 332 3346 habebat
343 3311 350 3344 ε
363 3299 407 3346 sed
425 3299 598 3369 pretiosiorem
617 3299 684 3346 omni
707 3305 759 3351 lum
771 3305 950 3363 eluistianum3
961 3305 1019 3365 quia
1027 3305 1189 3365 praestabilior
1198 3309 1238 3356 est

152 3368 258 3430 pecunia
279 3366 386 3414 donabat
401 3368 515 3414 salutem.
525 3368 622 3427 Pauper
639 3367 684 3414 ille
707 3373 868 3433 praesentibus
879 3373 1003 3435 statusqui
1015 3388 1047 3422 ex
1057 3376 1238 3426 resurrectione

154 3438 208 3484 erat
218 3437 322 3483 Lazarus
330 3436 356 3482 in
366 3435 498 3494 Evangelio
510 3447 516 3481 ι
532 3435 576 3481 sed
586 3435 629 3481 ille
640 3435 684 3495 qui
708 3443 822 3489 debetur.

154 3507 213 3554 ante
223 3507 250 3553 in
260 3507 324 3553 ostro
335 3505 405 3553 dives
420 3504 518 3562 jacebat
526 3504 551 3552 et
561 3517 684 3565 purpura,
738 3510 776 3558 6l.
789 3510 939 3571 Propositum
958 3510 1028 3558 mihi*
1036 3510 1098 3572 init,
1109 3512 1138 3560 ut
1147 3513 1238 3560 memi-

154 3574 253 3634 optabat
268 3573 323 3633 post
332 3572 427 3621 exitum
437 3573 510 3632 vitae,
528 3572 635 3620 stillante
647 3574 685 3622 di·
707 3578 772 3626 nisse
783 3578 930 3638 dignamini,
949 3579 1066 3628 adversus
1081 3593 1123 3627 eos
1137 3581 1180 3642 qni
1190 3582 1236 3627 bo-

153 3641 204 3702 pito
215 3642 330 3701 pauperis
348 3641 496 3702 refrigerari.
508 3643 626 3701 Quamvis
640 3643 683 3690 ilie
708 3648 837 3705 micidium
852 3649 1049 3709 adulteriumque
1060 3650 1138 3697 sancti
1157 3651 1236 3699 David

155 3712 219 3759 ostro
230 3712 350 3770 superbus
359 3712 427 3770 regio
438 3712 464 3759 et
474 3712 616 3772 purpuratis
628 3726 685 3761 ves-
708 3717 860 3777 arguendum
878 3717 978 3777 putant,
989 3719 1164 3779 qualicumque
1179 3732 1236 3766 meo

154 3779 222 3827 tibus
231 3780 335 3827 vulnera
341 3779 459 3839 pauperis
468 3781 538 3829 dives
546 3782 684 3830 fastidiosus
707 3785 854 3845 respondere
865 3797 993 3833 sermone:
1005 3785 1031 3831 et
1042 3786 1077 3833 ita
1088 3786 1172 3834 lavore
1182 3797 1238 3834 ves-

155 3847 291 3908 horruerit,
299 3848 383 3896 tamen
392 3848 418 3896 in
425 3850 531 3898 internis
540 3851 634 3899 locatus
641 3865 683 3911 op-
707 3854 751 3900 tras
761 3853 930 3901 unanimitatis
937 3853 1056 3902 tractatus
1062 3855 1140 3902 nostri
1151 3868 1238 3903 eunus

113 3932 114 3935 ¹
155 3915 263 3964 tabateo
284 3916 332 3964 loci
342 3914 418 3965 tuisse
436 3930 486 3979 quo
500 3920 613 3967 Lazarus.
629 3921 683 3979 Quo
707 3922 802 3982 evasit,
821 3922 850 3970 ut
872 3923 1043 3982 praedicandus
1063 3935 1105 3971 ore
1126 3925 1238 3971 omnium

155 3986 208 4034 luco
218 3985 348 4034 lectionon
358 3986 458 4040 videtur
466 3990 628 4051 pecuniarum
644 3990 684 4038 di·
693 3945 698 4041 l
707 3990 849 4050 videretur,
864 4002 937 4052 quem
951 3991 1096 4052 putabamus
1106 4004 1154 4042 nou
1165 4004 1237 4055 posse
