2760 4794
435 335 467 379 rn
482 335 641 380 vencnum
655 336 766 383 cxvrrr
781 336 968 388 anrosrrro.
1111 324 1115 333 '
1192 343 1241 398 aas

150 409 214 470 logis
224 410 376 472 impugnant.
387 414 485 463 Graecus
498 416 587 464 melius
597 430 639 465 eos
655 416 681 464 et
735 416 774 465 211.
781 418 961 477 Pulcreautem
969 420 1005 469 alt
1013 435 1020 470 r
1028 424 1058 472 le
1065 422 1161 476 medum
1171 428 1239 480 leam

96 537 99 541 1
149 480 249 538 proprie
267 482 417 540 nuncupavit
428 483 680 544 discernendam:
705 490 807 546 operosi,
821 489 1168 552 hoeest,nentnprophetas
1179 507 1238 555 spe·

149 560 274 605 παρανομος
284 549 359 595 exlex
368 552 482 609 vocatur3
494 552 552 610 quia
564 551 633 598 entra
644 552 682 598 le·
705 555 772 614 ravl,
791 558 883 605 nonin
901 559 1014 617 legem:
1035 561 1079 609 sed
1097 565 1122 609 in
1141 564 1238 613 eatam

150 618 681 678 gemest.llosergoodit,quiinlegechristi
706 625 772 670 taven
791 628 894 684 speravi,
916 627 962 673 lroc
985 627 1037 686 est,
1056 629 1083 676 in
1104 631 1237 680 adventum

150 683 198 741 est,
206 685 262 743 quia
270 685 330 744 legis
338 687 505 734 mandatanon
514 688 621 735 servant.
630 689 680 734 Non
705 692 825 752 tuum3ut
833 695 918 742 venias
926 696 1077 756 etsnscipias
1085 701 1236 761 peccatores,

149 753 229 800 solum
237 754 353 814 enimqui
361 758 442 815 legem
450 756 596 814 nescit‚sed
606 757 680 803 etiam
704 760 793 807 delicta
809 762 942 822 condones,
954 776 1025 812 ovem
1040 765 1129 813 lassam
1144 766 1193 815 tuis
1208 768 1237 817 in

149 820 193 869 ille
203 823 245 881 qui
255 835 304 870 non
314 825 365 884 agit
378 825 512 872 secundum
528 825 620 883 legem,
638 838 680 871 ex·
704 840 776 876 cruce
792 827 902 878 humeris
917 831 994 880 bouus
1012 833 1096 892 pastor
1112 835 1233 894 imponas.

149 900 200 936 sors
209 891 269 949 legis
278 894 328 949 est3
340 893 397 951 qnia
406 895 460 939 ll'on
471 893 587 940 auditores
595 894 678 952 lepis...
703 896 727 942 Si
738 898 793 956 quis
803 900 884 958 sperat
894 900 920 946 in
935 900 1070 962 Christum,
1082 913 1196 963 separare
1206 915 1236 954 se

148 961 186 1006 sed
197 960 296 1018 foetores
310 964 365 1021 lepis
374 962 573 1020 interdicebantur.
587 962 679 1008 Redar-
702 964 775 1013 debet
786 978 800 1013 a
810 969 930 1015 consortio
940 969 1099 1026 perfidorum.

149 1028 202 1085 quit
211 1041 252 1074 me
263 1029 315 1088 ipse
326 1030 405 1077 David
415 1030 435 1076 si
447 1031 519 1076 aliter
530 1030 676 1089 intelligam.
731 1032 769 1079 25.
782 1035 888 1094 Ideoque
898 1037 957 1084 dicit
967 1050 974 1083 a
983 1041 1095 1087 Discedite
1107 1052 1123 1087 a
1134 1053 1171 1088 me
1181 1053 1234 1090 mo·

147 1097 273 1154 Quomodo
289 1098 385 1157 iniquos
401 1098 512 1145 hominos
525 1098 623 1157 oderat,
635 1100 678 1158 qui
701 1101 771 1160 lieni,
792 1106 815 1150 et
834 1105 956 1151 scrutator
974 1107 1089 1154 mendcio
1109 1109 1154 1155 Dei
1177 1111 1233 1158 mei.

147 1166 295 1224 parricidam
310 1165 389 1212 filium
409 1165 595 1213 commendabat
615 1179 678 1225 prae-
701 1170 773 1225 cujus
789 1171 906 1218 versiculi
924 1172 1066 1219 testimonio
1082 1174 1235 1233 significatur

148 1234 292 1291 lictoribus,
307 1247 339 1281 ne
357 1247 414 1281 eum
433 1234 521 1292 aliquis
539 1234 679 1282 occideret?
701 1239 758 1296 quia
773 1239 816 1285 ubi
834 1240 974 1299 malignitas
995 1241 1049 1299 est,
1067 1241 1103 1288 ibi
1124 1244 1234 1292 custodia

147 1302 196 1360 Qui
206 1302 263 1348 Saul
271 1302 336 1361 regis
346 1303 450 1350 mortem
460 1303 534 1348 etiarn
544 1303 678 1352 vindicavit
701 1306 869 1353 mandatorum
879 1308 1018 1355 coelestiunr
1026 1321 1080 1355 esse
1089 1320 1139 1356 non
1146 1309 1235 1370 possit3

148 1371 175 1417 in
186 1383 257 1428 eum,
268 1371 312 1430 qui
323 1383 337 1417 a
347 1381 374 1418 sc
384 1371 508 1417 nuntiavit
519 1370 640 1417 occisum?
700 1376 728 1418 le
739 1375 876 1422 rneievoiom
891 1376 957 1423 enim
973 1378 1079 1424 animem
1095 1390 1141 1424 aon
1158 1378 1234 1425 intret

178 1438 217 1484 22.
234 1440 295 1497 lingo
313 1452 362 1485 non
380 1439 475 1499 iniquos
492 1441 617 1499 homines,
634 1440 678 1487 sed
699 1445 821 1501 sapientie.
833 1445 864 1490 Et
874 1444 948 1502 alibi,
960 1447 1068 1505 Qeoerem
1080 1459 1117 1492 me
1127 1447 1200 1503 moli,
1210 1449 1234 1494 et

145 1509 245 1568 iniquos
255 1520 379 1554 sermones
390 1507 481 1555 oderat.
500 1509 611 1568 Denique
626 1511 678 1557 lni—
699 1525 747 1558 eron
759 1515 881 1560 invenient.
894 1513 1036 1572 simplicem
1049 1515 1173 1571 mentem,
1184 1527 1233 1573 pu·

147 1590 217 1636 quos,
235 1576 312 1633 dixit,
329 1577 481 1634 edictalem,
497 1588 547 1623 nou
564 1577 676 1634 addidit,
700 1593 754 1626 rum
779 1593 808 1628 ac
839 1581 984 1629 defaecatum
1012 1583 1122 1629 animum
1149 1583 1232 1641 diligit

146 1644 220 1692 viros.
232 1643 328 1690 Deinde
340 1655 395 1690 cum
406 1643 549 1691 dicatJesus
558 1645 585 1690 in
596 1646 677 1691 llvan-
698 1647 820 1706 ChrisluS,
829 1661 876 1696 nec
883 1650 964 1708 potest
974 1649 1136 1697 immaculate
1142 1649 1232 1697 virtuti

146 1711 233 1771 gelioc
252 1712 346 1769 Ditiqiie
367 1711 472 1757 inimicos
491 1713 591 1770 oestros;
610 1710 676 1759 dicat
698 1715 776 1760 ullum
803 1728 858 1762 cum
884 1718 1012 1764 maculosis
1038 1717 1230 1769 contubernium

145 1782 272 1840 apostolus
282 1793 288 1826 τ
297 1781 424 1827 Benedictio
434 1793 472 1828 eos
483 1781 522 1840 qni
532 1794 675 1840 persequen-
698 1795 750 1829 esse
761 1782 870 1843 flagitiis.
885 1785 956 1844 Odit,
972 1785 1077 1844 refugit,
1094 1785 1230 1845 adsperna-

146 1853 250 1906 terooe,
262 1852 286 1896 et
298 1850 368 1896 nolite
383 1850 518 1895 maledicere
531 1862 540 1895 .·
554 1850 674 1907 quomodo
698 1851 737 1895 tur
751 1851 879 1910 contagia,
895 1855 937 1912 qui
956 1853 1016 1900 dicit
1035 1867 1042 1899 t
1057 1856 1143 1900 Discite
1159 1869 1174 1900 o
1192 1868 1230 1901 nic

147 1917 304 1964 excusaretur
323 1916 370 1963 istc
394 1915 448 1990 vir·
461 1916 505 1961 sub
532 1917 675 1975 evangelica
697 1919 754 1976 quio
766 1920 830 1967 nattis
840 1933 900 1966 sem.
912 1921 1027 1978 ltalignos
1037 1921 1150 1979 repellit,
1163 1922 1230 1968 laho-

146 1986 233 2034 vivens
247 1985 393 2044 disciplina,
410 1984 430 2031 si
449 1984 546 2043 iniquos
563 1985 675 2032 homines
696 1985 777 2032 rantes
789 1988 870 2034 vocat.
881 1987 949 2033 Dicit
960 1989 1009 2034 illis
1019 1989 1104 2034 lesnes
1116 1990 1230 2036 Discedite

145 2123 203 2169 odio
214 2123 312 2180 lrabuit,
324 2135 372 2169 non
383 2120 476 2179 eosqui
486 2121 531 2167 elsi
543 2133 676 2178 operareu-
698 2120 750 2167 islis
767 2121 801 2168 ait
813 2134 820 2167 t
834 2124 915 2170 Venite
927 2125 1002 2169 adme
1015 2135 1093 2170 orienes
1105 2123 1146 2181 qui
1162 2122 1228 2168 icto-

146 2192 187 2238 tur
201 2192 370 2251 iniquitatem,
387 2188 486 2249 possent
499 2190 582 2236 tamen
599 2189 675 2238 evanss
696 2191 754 2236 retas
769 2194 792 2237 et
809 2194 901 2239 oneroli
918 2194 983 2248 estis,
997 2204 1047 2238 non
1065 2191 1161 2250 utique
1174 2203 1228 2237 ma-

145 2261 223 2320 gelica
234 2260 407 2321 praedicatione
419 2258 537 2304 corrvorti.
549 2258 597 2304 lut
608 2260 675 2306 certe
697 2259 808 2317 lignitate
818 2260 923 2319 mentis,
936 2261 979 2308 sed
991 2261 1134 2306 infirmitate
1145 2260 1226 2306 carnis

145 2329 195 2375 nisi
207 2329 240 2374 ita
252 2326 414 2386 accipiamus:
428 2320 487 2383 quia
500 2326 564 2370 sicut
575 2325 617 2372 ille
632 2328 674 2385 qui
697 2328 807 2373 onerati:
819 2328 927 2386 onerati,
939 2329 1038 2387 inquam
1046 2359 1054 2386 ,
1062 2328 1139 2374 alieni
1149 2328 1228 2373 lrmrc-

145 2411 194 2446 non
205 2397 308 2443 honorat
317 2396 425 2455 patrem,
436 2395 535 2453 iniquus
546 2394 596 2452 est,
608 2394 674 2442 idem
697 2394 773 2440 ditate
784 2395 888 2454 peccati.
900 2396 1078 2442 Laborantibus
1088 2395 1207 2442 subvenio
1218 2407 1227 2440 ε

145 2470 228 2516 tamen
243 2467 377 2514 secundum
395 2464 458 2510 illud
475 2476 562 2511 exosus
578 2465 674 2523 patrem
697 2461 858 2510 fraudulentis
879 2464 993 2522 prodesse
1018 2475 1068 2509 non
1083 2463 1176 2521 debeo,
1194 2475 1229 2509 no

145 2536 335 2598 quodscriptum
344 2536 395 2582 ests
409 2536 507 2594 Qeeinon
518 2535 565 2580 odit
573 2537 673 2592 petrem,
697 2533 808 2589 pluribus
815 2535 927 2580 noceant.
935 2534 983 2579 llos
991 2545 1063 2592 poena
1071 2534 1226 2590 compescat:

146 2608 189 2652 eet
198 2608 337 2651 mairem...
351 2605 392 2650 aet
407 2603 505 2661 moires,
518 2604 558 2648 eut
570 2615 673 2660 sorores,
697 2599 750 2645 illos
759 2600 873 2647 emendet
880 2601 967 2658 gratia.
973 2601 1086 2646 llnnrrm
1098 2599 1164 2646 enim
1173 2599 1228 2647 lons

146 2677 187 2722 atet
198 2675 303 2719 enimam
316 2685 383 2735 seem
390 2704 399 2728 ‚
411 2685 457 2717 tion
470 2673 543 2730 potest
553 2684 617 2719 oreae
628 2685 673 2719 ease
696 2669 790 2725 peccati
805 2670 860 2715 est:
875 2670 946 2728 culpa
961 2666 1111 2714 infirmitatis
1123 2667 1161 2714 est
1173 2668 1228 2725 lap-

146 2743 267 2801 diecipvlas
275 2772 284 2797 ‚
303 2740 377 2787 etiam
397 2737 526 2785 lairdalrilis
548 2737 652 2786 habetur
665 2752 672 2785 :
696 2749 745 2783 sus.
757 2736 796 2782 llli
807 2737 885 2784 debeo
896 2735 1042 2792 subvenire,
1055 2734 1097 2794 qui
1110 2734 1225 2780 laborat:

146 2811 181 2858 sic
191 2810 216 2856 et
232 2810 278 2856 rste
293 2809 390 2868 iniquos
405 2807 460 2854 odio
476 2807 570 2853 habuit.
583 2808 674 2854 Eodem
697 2805 765 2850 illum
783 2806 858 2852 etiam
872 2805 951 2851 odisse
967 2804 1010 2862 qui
1030 2802 1132 2861 decipit.
1152 2802 1227 2849 nialus

145 2880 216 2927 modo
227 2879 252 2925 et
262 2890 303 2925 eos
313 2878 410 2935 oderat,
418 2889 467 2934 quo
477 2876 572 2934 patrem
580 2888 674 2935 praeva-
697 2873 771 2930 igitur
779 2874 932 2931 operationes
943 2871 1052 2931 repellit.
1062 2873 1122 2916 llam
1132 2871 1180 2915 nisi
1191 2870 1227 2918 ita

144 2946 442 3004 ricantem,autanimam
452 2955 532 2990 suam:
541 2943 674 3002 praeferens
696 2940 926 2998 accipias‚videtur
944 2939 1027 2985 dicero
1047 2936 1192 2983 :Discedite
1211 2949 1226 2983 a

145 3016 264 3064 videlicet
279 3015 336 3062 vitae
352 3013 427 3071 hujus
442 3012 556 3060 suavitati
572 3014 673 3070 qratiam
696 3005 1153 3068 me‚quta1nundussu1n,quiapurus
1162 3017 1225 3053 suin.

114 3131 117 3136 ,
145 3084 245 3132 Christi.
697 3079 746 3124 lloc
755 3077 889 3135 pharisaeus
897 3074 1053 3132 dicebat‚sed
1062 3073 1227 3132 reprehensus

176 3153 215 3198 25.
234 3151 348 3210 Sequitur
366 3163 373 3192 r
393 3150 501 3209 Aetates,
521 3151 542 3195 el
558 3153 674 3210 susceptor
696 3144 815 3191 aehristo
826 3143 871 3190 est.
883 3144 935 3188 Non
946 3153 1003 3198 ergo
1011 3139 1132 3198 Propheta
1143 3140 1205 3186 dicit
1217 3153 1226 3183 ς

146 3235 210 3269 eneas
221 3210 248 3268 ee
261 3224 306 3268 in:
321 3221 343 3266 et
361 3221 385 3265 in
403 3219 499 3266 vertum
512 3219 578 3263 tenen
597 3232 672 3276 spero.
696 3214 798 3260 llundus
809 3224 878 3272 sum,
887 3212 943 3271 sed,
956 3211 1124 3258 dormiendum
1135 3224 1189 3271 ereo
1199 3211 1226 3259 ia

145 3289 246 3347 adiutor
253 3301 298 3348 per
306 3288 403 3347 Legem,
413 3284 538 3343 susceptor
546 3298 590 3344 per
597 3287 673 3332 Evan-
696 3298 731 3330 me
742 3286 813 3331 Deve.

143 3358 245 3419 gelium.
261 3358 326 3415 Quos
343 3356 407 3416 Lege
423 3354 532 3412 adjuvit,
553 3355 579 3399 in
600 3367 672 3402 carne
725 3351 763 3397 ad.
776 3351 880 3410 Ideoque
891 3348 997 3407 relegato
1008 3347 1128 3395 consortio
1139 3348 1226 3407 maliq-

143 3427 263 3486 suscepit3
273 3425 332 3485 quia
342 3424 519 3484 scriptumest:
529 3425 672 3483 llicpeccete
696 3428 795 3477 norum,
808 3419 877 3478 quasi
890 3417 932 3477 qui
950 3417 1005 3463 ente
1020 3415 1159 3475 permixtus
1174 3417 1225 3464 illis

144 3492 670 3555 nostroporiet5etideoineerlmmcjesspero.
695 3489 787 3548 suscipi
807 3501 855 3536 non
876 3487 958 3548 posset
973 3499 987 3532 a
1002 3486 1122 3545 Domino,
1139 3485 1200 3533 dicit
1215 3499 1223 3532 a

141 3564 241 3611 Graecus
249 3565 331 3609 tamen
342 3559 451 3608 επηλπισα
462 3562 549 3618 habet,
560 3561 624 3619 qnod
634 3563 672 3608 est
695 3561 786 3618 Srucipe
797 3572 833 3604 ene
844 3558 967 3605 secandam
978 3556 1101 3614 eloquiam
1111 3559 1192 3612 eserie,
1202 3557 1226 3602 et

144 3631 322 3692 supersperavi:
338 3630 402 3688 quod
421 3629 451 3676 de
471 3641 500 3675 eo
518 3629 610 3675 dicitur
628 3631 669 3688 qui
695 3627 771 3676 vivont
785 3630 826 3673 :et
837 3639 885 3672 teon
896 3626 1024 3683 confundas
1035 3638 1072 3670 ane
1083 3624 1113 3672 eb
1129 3637 1227 3682 caespes·

142 3713 241 3759 semper
256 3698 324 3745 addit
339 3697 370 3745 ad
390 3697 536 3757 sperandum
547 3711 554 3754 ;
571 3699 597 3742 et
614 3711 670 3744 cnm
696 3700 780 3744 latione
791 3710 851 3742 mee.
864 3695 888 3741 Si
901 3695 963 3741 vivit
973 3694 1016 3754 qui
1027 3694 1053 3738 in
1064 3694 1120 3740 sinn
1131 3693 1168 3738 est
1179 3704 1224 3750 pu·

143 3769 281 3830 speraverit
299 3767 404 3826 aliquid,
422 3766 510 3812 iterum
530 3766 627 3823 sperat,
646 3767 671 3812 ct
695 3765 805 3812 triarchas
817 3763 931 3821 Abrahae,
946 3763 974 3809 ut
990 3762 1032 3807 ille
1043 3763 1147 3806 {lazarus
1161 3771 1223 3817 pau-

144 3850 187 3896 spe
203 3837 312 3896 proficit,
331 3835 466 3883 extendens
484 3842 510 3879 sc
530 3845 626 3891 semper
641 3834 670 3880 ad
696 3846 752 3891 pcc3
766 3833 855 3890 quanto
866 3831 943 3889 magis
953 3830 1016 3878 vivit
1034 3828 1077 3886 qui
1087 3826 1223 3885 suscipitur

145 3905 282 3966 superiora,
296 3907 321 3954 ct
332 3918 360 3954 eo
373 3918 425 3966 quae
438 3901 557 3964 proeteriit
571 3903 671 3949 ollivis-
696 3916 708 3947 a
720 3899 826 3947 eleusio?
836 3899 958 3958 Quomodo
970 3899 1035 3943 eninr
1047 3894 1126 3952 polest
1138 3905 1187 3938 non
1196 3894 1223 3940 in

145 3985 211 4021 cens.
696 3973 813 4017 aeternum
822 3970 919 4027 vivere,
931 3977 1004 4027 quem
1014 3961 1162 4071 θθηιρίὲὲθηθ
1173 3961 1223 4010 vita
