2760 4794
336 466 368 508 ΙΝ
383 465 543 509 nonnullos
559 464 669 508 dxliii
686 467 875 512 EXPOSlTiO.
1100 470 1145 517 563

60 559 111 606 que
126 545 252 595 mendacio
267 545 429 604 omnipotenti
446 557 472 591 so
488 544 590 590 Domino
619 545 682 592 dixit
705 560 711 591 r
728 549 811 596 Auerle
826 550 903 596 octrlos
915 526 995 606 'arreum
1010 561 1039 597 ne
1053 552 1146 602 or'dcnnl

61 614 238 674 adaequandum
256 626 308 660 esse
320 612 456 672 promittit?
467 611 591 670 Quomodo
616 615 753 661 vanitatem.
771 615 819 673 Qui
839 616 923 663 autera
943 617 1084 665 suntoculi
1102 621 1145 677 qni
1174 641 1176 645 ¹

59 681 225 728 calumniatur
235 681 352 738 singuiis,
364 681 405 739 qui
417 680 493 727 totam
509 679 591 724 irrita·
617 680 736 729 deliciunt
752 683 779 729 in
794 684 919 743 eloquium
935 685 995 744 Dei,
1013 686 1062 735 nisi
1079 687 1145 734 oculi

60 750 99 797 vit
106 751 211 809 terram,
221 748 343 796 concussit
351 748 527 807 reges,posnit
536 747 592 808 uni-
618 750 741 799 interioris
753 753 873 811 bominis,
885 753 1033 814 obtutusque
1041 756 1144 815 animae,

60 830 159 865 versum
174 819 259 864 orbem
277 818 417 874 desertum,
434 817 460 862 et
478 815 592 863 civitates
616 819 659 878 qui
674 821 846 870 tendunturnt
860 823 1015 871 rideautDei
1026 825 1143 882 verbum,

59 882 184 934 destruxit
195 899 201 931 :
213 899 255 933 eos
265 885 341 945 quiin
350 884 499 933 abductione
508 886 591 943 erant,
617 888 642 934 et
661 889 739 936 nimia
757 891 894 939 intentione
913 892 939 940 et
959 895 1145 953 exspectatione
1173 930 1176 940 ,

60 955 208 1003 nonsolvit?
318 1005 321 1013 ⁸
617 957 1144 1019 deliciuntinsaintareDei,detectumsui

95 1023 131 1072 l6.
148 1025 280 1071 Careamus
290 1033 347 1082 ergo
358 1033 391 1069 ne
406 1034 488 1068 muros
503 1022 596 1079 animae¹
616 1027 753 1086 patientes,
764 1028 793 1075 ut
803 1029 931 1076 adsumant
938 1030 1004 1088 quod
1013 1031 1083 1076 verbi
1093 1028 1145 1077 est?

60 1094 149 1140 nostrae
161 1090 284 1148 destruat,
300 1103 331 1136 nc
344 1090 525 1150 propugnacula
536 1102 592 1136 nos·
648 1095 686 1142 l8.
703 1097 733 1143 Et
743 1097 801 1155 quia
813 1097 938 1155 eloquium
950 1097 997 1144 Dei
1013 1099 1145 1156 plerosquo

60 1161 106 1209 trae
113 1163 203 1208 mentis
212 1161 302 1218 diruat,
310 1171 342 1205 ne
351 1172 425 1218 super
434 1159 516 1206 sidera
526 1159 593 1206 thro·
617 1175 715 1210 movere
726 1165 819 1223 potest,
832 1165 887 1210 ideo
895 1165 991 1212 addidit
1002 1178 1008 1208 ε
1019 1167 1146 1224 Eloquium

60 1241 122 1276 num
137 1243 208 1276 suum
218 1230 301 1288 ponat.
321 1230 391 1306 Donit
406 1240 482 1287 super
497 1228 591 1285 sidera,
612 1234 724 1292 justilioe;
737 1234 872 1281 utmovere
882 1234 1035 1281 nondebeat.
1048 1235 1145 1281 iliovero

60 1298 158 1358 quando
165 1298 272 1344 electum
279 1297 385 1354 deelillt,
394 1296 490 1355 (illandO
498 1296 592 1352 iustum
618 1304 699 1350 autem
707 1303 816 1362 poterat,
827 1305 884 1362 qnia
893 1303 1010 1361 scriptum
1025 1303 1063 1351 est
1074 1317 1081 1349 r
1092 1305 1146 1352 illo-
1160 1344 1161 1348 ,

61 1365 241 1422 circumvenit,
257 1363 327 1422 cujas
342 1375 416 1422 opera
427 1365 512 1410 lucent
527 1364 592 1411 sicut
613 1373 654 1430 jor
664 1375 744 1420 scruter
755 1375 850 1419 minori.
865 1374 926 1419 Nam
940 1373 989 1420 nisi
1005 1375 1036 1420 ad
1052 1375 1145 1433 myste-

60 1437 140 1483 stellae
152 1435 176 1481 in
187 1435 258 1482 coelo.
268 1435 352 1482 Nonne
361 1434 386 1480 et
396 1434 470 1481 ludas
482 1436 591 1493 proditor
617 1439 681 1485 rium
693 1439 813 1498 accipias,
829 1440 922 1488 naturae
932 1441 1025 1498 injuria
1036 1443 1081 1488 est.
1098 1443 1144 1502 Et,
1177 1477 1178 1482 ¹

61 1503 242 1550 interemtores
260 1502 399 1549 audiebat:
419 1502 466 1550 Vos
477 1506 529 1550 erlis
548 1501 595 1550 lun
617 1508 745 1554 moinonis
751 1512 865 1567 proecrpln
873 1521 921 1556 non
928 1510 997 1556 boum
1008 1511 1068 1568 Ergo
1077 1511 1144 1558 Deus

60 1571 321 1631 buiusmnudilllonne
329 1569 439 1617 diabolus
446 1570 531 1616 lamen
538 1571 592 1628 ejus
616 1574 680 1619 maia
699 1574 740 1621 dat
757 1576 887 1634 praecepta.
904 1576 947 1633 Et,
965 1579 1016 1635 Epo
1030 1580 1145 1626 Dominus

61 1639 187 1688 extinxit?
201 1639 341 1697 Quinetiam
355 1650 415 1697 quos
425 1649 473 1684 non
482 1639 591 1698 potuerit
616 1642 905 1690 creunemnlo.Sedeldo
913 1645 1042 1702 praeceptis
1051 1645 1086 1692 sic
1098 1646 1144 1692 sol·

61 1709 258 1768 circumvenire,
274 1707 456 1765 calumniatur,
474 1707 591 1755 invidens
616 1708 1146 1774 ritur3quiaindrmisnondaredebuitper·
1176 1743 1178 1750 ·

60 1777 132 1837 regni
146 1777 251 1825 coelestis
260 1776 375 1835 gloriam3
391 1775 419 1822 ul
428 1787 489 1834 quos
505 1775 591 1822 iiiece-
616 1777 680 1824 tecta
690 1780 825 1838 praccepta,
837 1793 890 1838 quor
899 1781 1021 1828 sustinere
1030 1795 1078 1828 nou
1088 1796 1145 1842 pos·

61 1847 113 1896 bris
124 1847 174 1895 suis
185 1859 199 1893 a
209 1845 303 1892 Christo
313 1857 362 1891 uon
372 1844 451 1903 potuit
461 1845 590 1904 separare,
609 1849 680 1892 sent.
697 1849 797 1904 Quando
808 1849 904 1895 audiret
917 1849 1016 1896 Judaeus
1028 1864 1035 1896 ι
1047 1855 1143 1900 Dimitte

63 1930 107 1964 eos
114 1914 243 1963 calumniis
253 1913 303 1959 suis
314 1912 392 1959 debiti
403 1911 501 1958 honoris
509 1912 592 1960 fructu
617 1917 696 1961 omnin
718 1919 798 1962 lum...
819 1920 840 1964 cl
857 1931 950 1975 sequere
970 1918 1024 1964 nse?
1043 1919 1144 1975 Quando

60 1986 175 2035 fraudare
191 1984 301 2030 conetur.
318 1981 448 2039 rugiemus
465 1978 522 2039 ergo
539 1994 593 2028 ma·
618 1982 713 2029 audiret
723 1984 821 2037 Iudaeus
833 1998 839 2029 ε
853 1986 898 2044 Qui
908 1997 955 2031 non
966 1987 1043 2034 tulerit
1054 2001 1145 2035 crucem

61 2056 100 2102 ios
114 2052 313 2109 calumniatores,
328 2049 370 2108 qui
385 2049 516 2108 peccatum
532 2062 592 2109 ope·
617 2062 699 2105 mom,
715 2052 853 2109 etsequutns
868 2065 902 2097 mc
914 2052 997 2110 fircrit,
1008 2066 1056 2100 nou
1066 2058 1099 2101 rel
1108 2069 1145 2102 nac

61 2124 149 2171 rantur
157 2122 182 2167 in
190 2119 273 2177 uobis,
285 2120 311 2165 et
321 2117 368 2176 ipsi
376 2118 446 2164 nobis
455 2117 591 2164 calumnias
618 2118 719 2176 dianus?
734 2119 782 2166 Sed
792 2120 844 2166 lrarc
855 2119 1001 2177 perfectiora
1012 2124 1144 2180 Evangelio

61 2189 222 2239 infestissima
232 2187 385 2234 accusatione
395 2187 555 2245 componunt,
567 2186 594 2233 id
618 2187 742 2235 reservata
762 2188 827 2234 sunt.
848 2188 877 2232 Et
898 2188 960 2233 mala
981 2201 1029 2235 uon
1051 2191 1145 2238 creavit

61 2261 131 2323 quod
140 2259 187 2319 ipsi
199 2257 304 2305 feceriut
320 2256 457 2314 arguentes.
469 2256 530 2302 Ecce
542 2267 594 2301 ma·
619 2255 697 2314 Deus,
709 2256 752 2302 sed
762 2255 815 2302 haec
825 2269 878 2314 qum
887 2255 1002 2302 ridentur
1012 2257 1082 2305 nobis
1090 2270 1145 2305 aus·

61 2343 111 2380 nus
122 2327 220 2376 Domini
234 2325 318 2385 parata
330 2326 380 2382 est,
395 2337 447 2383 quae
458 2325 483 2370 te
494 2324 594 2384 sagien·
619 2322 684 2380 tera,
697 2325 815 2380 verbera,
827 2335 904 2380 mors,
916 2324 1087 2382 ethujusmodi
1096 2327 1144 2373 alia

60 2398 116 2446 tem
127 2397 156 2443 ab
168 2394 313 2443 adversariis
322 2394 421 2440 tueatur
432 2405 459 2439 ac
471 2393 592 2452 protegat.
619 2404 672 2450 qum
687 2392 787 2450 propter
797 2393 993 2439 emendalIonem
1004 2395 1144 2454 praescripta

61 2466 156 2525 Pharao
163 2465 189 2511 te
196 2463 222 2509 in
231 2462 341 2521 patribus
349 2461 449 2506 tenebat
457 2461 593 2520 superbus,
620 2462 676 2508 sunt
686 2461 828 2517 noxiorum3
838 2460 910 2516 iustis
919 2463 985 2508 enim
996 2465 1091 2510 nonest
1102 2464 1144 2510 lex

62 2532 166 2581 immitis
178 2545 184 2578 :
195 2529 281 2589 fugisti
290 2529 320 2574 ab
330 2540 372 2586 eo,
384 2528 492 2585 suscepit
503 2528 528 2573 to
541 2542 594 2575 irin·
619 2530 711 2587 posita,
722 2531 765 2575 sed
776 2528 880 2584 injustis.
895 2528 956 2574 Nam
967 2540 991 2576 sr
1000 2532 1070 2577 noxii
1081 2532 1144 2578 nihil

61 2615 112 2651 nus
122 2599 235 2657 Domini,
251 2598 276 2644 et
292 2598 322 2644 dc
337 2596 456 2656 periculis
468 2596 592 2644 liberavit.
619 2597 749 2654 timerent,
759 2596 903 2644 innocentes
911 2609 1008 2655 semper
1016 2599 1143 2647 timerent.

61 2672 117 2720 Non
135 2669 267 2718 dimisisset
281 2667 307 2714 tc
325 2667 431 2724 Pharao,
451 2667 496 2712 nisi
517 2669 544 2714 tu
563 2670 594 2715 ad
650 2665 688 2712 it.
705 2665 752 2722 Qui
766 2667 823 2712 sunt
833 2665 907 2723 igitur
917 2665 959 2711 isti
969 2666 1035 2714 oculi
1048 2668 1090 2727 qni
1102 2669 1145 2716 de-

62 2739 196 2788 Dominmn
204 2736 360 2795 confugisses.
371 2735 475 2782 Dicebat
482 2736 592 2783 Pharao:
619 2733 1145 2784 siciuutinsaiutareDeitDiximusocuium
1176 2776 1178 2781 .

10 2814 13 2818 '
63 2809 192 2859 Dominum
209 2805 332 2860 nescio,el
345 2804 477 2849 Isroclnon
494 2806 592 2852 dimitto.
620 2805 795 2863 suppliciorum
812 2815 879 2859 esse,
897 2802 941 2861 qui
956 2805 1094 2861 praevidens
1108 2806 1146 2853 lu-

63 2876 140 2924 Vides
150 2887 223 2934 qnam
233 2873 352 2932 superbus
359 2869 372 2933 l¹
380 2871 465 2916 Merito
477 2883 533 2929 ergo
543 2886 595 2918 sus·
620 2873 674 2918 tura
690 2871 810 2928 supplicia
825 2872 997 2928 peccatorum,
1014 2874 1146 2929 gerendam

65 2948 153 3007 ceptus
168 2947 195 2992 in
210 2945 273 2991 bono
289 2941 339 3000 est,
354 2941 396 2999 qni
413 2941 505 2985 malum
521 2943 592 3001 fugit.
620 2939 748 2985 annuntiet
766 2938 946 2995 poenitentiam.
966 2938 1147 2987 Demonstravit

62 3008 590 3075 NonpatilurcrgoDcusinmalonosesse:
621 3003 1144 3064 hunrocuiumiraptistalohsnnesdicons-:

65 3084 171 3144 suscipit
182 3083 209 3127 in
220 3081 296 3136 bon03
312 3090 358 3124 noc
374 3077 468 3135 patitur
481 3089 536 3124 suos
554 3090 596 3123 ca·
621 3077 743 3122 Generalis
754 3076 901 3133 viperarum,
914 3075 965 3132 unis
977 3077 1072 3121 ostendit
1083 3077 1147 3123 nobis

64 3153 169 3205 lumniis
184 3149 319 3207 subiacere.
621 3144 698 3202 supere
712 3141 913 3191 obtruncatum?
928 3143 1007 3189 Facile
1018 3157 1071 3203 erpo
1082 3144 1147 3202 fruc-

71 3220 74 3227 '
97 3222 137 3268 ia.
155 3217 220 3266 Oculi
237 3218 284 3262 mel
299 3215 428 3273 defecerunt
445 3214 472 3260 in
491 3215 595 3262 soluturo
622 3215 657 3259 tus
678 3214 758 3270 diones
776 3212 923 3270 poenltcnlioe.
945 3209 982 3257 Ad
999 3210 1146 3270 baptismum

66 3296 152 3345 tuum,
164 3288 185 3333 et
196 3287 222 3331 in
236 3285 351 3342 cloquium
362 3282 458 3340 justino
474 3283 528 3328 tuor.
549 3281 595 3339 Qui
622 3281 689 3327 enim
704 3279 823 3326 iohannis
838 3279 969 3336 veniebat,
983 3280 1025 3338 qui
1042 3279 1148 3328 habebat

66 3359 118 3407 sint
132 3355 174 3403 isti
188 3351 254 3400 oculi
264 3351 403 3408 considera,
418 3349 499 3408 quiin
514 3350 596 3397 Chris·
622 3351 719 3398 oculum
729 3348 903 3409 suppliciorum
914 3361 920 3393 :
930 3347 960 3394 ad
967 3348 1055 3394 Christi
1063 3351 1146 3398 autem

66 3430 123 3477 tum
138 3421 269 3480 deficiunt,
286 3421 345 3468 dum
355 3420 409 3478 ejus
424 3419 596 3479 praestolantur
622 3419 770 3478 baptismum
784 3416 868 3475 venit,
887 3416 930 3475 qui
948 3416 1016 3464 videt
1034 3417 1144 3475 gratiam.

68 3493 201 3544 adrentum
213 3503 220 3536 τ
232 3489 320 3536 animm
335 3488 453 3535 videlicet
466 3487 531 3534 oculi
547 3501 596 3534 non
622 3488 667 3533 ilic
684 3487 751 3534 enim
768 3485 852 3532 oculus
868 3484 905 3530 est
923 3495 997 3542 quern
1014 3484 1147 3534 Dominicm

67 3560 188 3622 eorporis,
207 3557 257 3605 tota
274 3556 332 3604 fidei
349 3555 487 3610 intentione
504 3556 595 3615 delixi3
622 3556 740 3614 passionis
765 3553 850 3599 umbra
874 3552 959 3599 tuetur
982 3552 1007 3598 et
1032 3554 1146 3614 protegit.

68 3634 97 3682 in
108 3645 136 3679 co
147 3630 214 3678 euim
223 3640 297 3689 quem
306 3626 443 3684 diligimus,
453 3625 511 3672 totis
520 3627 596 3672 oculis
622 3625 693 3671 Aliud
704 3634 760 3681 ergo
771 3623 868 3677 Eunon,
881 3621 947 3666 aliud
960 3621 1014 3667 Ain.
1026 3622 1053 3666 lu
1064 3623 1148 3669 Ennon

68 3710 226 3758 occupamur,
236 3709 283 3743 nec
291 3694 425 3754 quidquam
433 3692 501 3739 aliud
511 3692 596 3739 vidore
623 3692 760 3750 baptizatur
784 3688 895 3735 conscius
915 3689 1027 3747 gravium
1046 3690 1150 3736 delicto-

68 3768 185 3818 deioctat.
196 3768 247 3812 Non
258 3763 339 3824 potest
346 3764 392 3809 boc
404 3761 486 3808 dicere
497 3761 545 3807 nisi
555 3761 597 3819 qui
624 3774 677 3806 rum
690 3773 696 3804 ε
709 3760 752 3817 qui
762 3757 846 3803 autem
857 3769 944 3816 purum
953 3758 1050 3803 oculum
1059 3755 1149 3810 habet,

68 3850 84 3885 a
100 3834 230 3883 mundanis
241 3831 447 3880 sollicitudinibus
458 3830 483 3875 et
498 3829 599 3874 saecula-
624 3827 725 3885 gratiani
739 3825 842 3883 suscipit
856 3825 999 3884 spiritalem.
1015 3825 1044 3870 Et
1057 3822 1149 3878 imper·

68 3907 139 3955 ribus
147 3902 313 3960 voluptatibus
323 3899 487 3947 intentionem
498 3909 595 3944 omnem
625 3896 695 3941 foetae
711 3893 811 3940 fortasse
822 3893 907 3939 animm
918 3893 1004 3939 oculus
1015 3887 1149 3947 supplicio-

68 3988 121 4025 suae
132 3972 224 4020 mentis
233 3971 331 4018 avertit.
349 3971 410 4016 Nam
420 3967 540 4028 quomodo
553 3967 598 4012 boc
624 3976 679 4010 rum
690 3964 726 4010 est
739 3976 744 4008 :
757 3961 872 4021 poricctae
881 3962 962 4008 autem
970 3959 1054 4006 oculus
1062 3955 1150 4013 gratia-

71 4043 146 4099 dicit,
162 4038 205 4100 qui
221 4038 383 4086 theatralibus
398 4035 513 4083 ludibriis
528 4047 600 4081 occu·
625 4045 680 4079 rum
700 4032 738 4079 est
756 4030 840 4090 purior
858 4031 931 4088 atque
951 4026 1084 4080 sincerior,
1106 4022 1148 4080 qui

70 4107 159 4172 paturl
180 4106 288 4154 sedilib
306 4105 351 4152 boc
370 4103 443 4162 dicit,
468 4103 508 4161 qui
528 4114 599 4161 supra
626 4099 773 4160 significatur
784 4100 830 4150 trac
846 4098 943 4152 littera,
959 4094 989 4146 ad
1003 4104 1075 4153 <priam
1089 4090 1151 4150 iusti
