2760 4794
335 418 367 460 in
382 415 542 461 rslnnun
556 415 668 459 cxvui
683 416 870 461 uxrosrnro.
1096 402 1141 460 267

62 494 149 545 tallere
161 495 298 545 confitetur.
315 497 420 556 ideoque
436 497 551 544 admonet
565 495 591 543 et
613 507 662 555 qua
673 495 767 544 ratione
780 497 822 542 iila
840 495 964 554 patienter
974 493 1072 541 tolerari
1083 510 1139 556 pos-

62 564 143 612 David
160 566 257 624 dicens,
273 566 301 613 ut
316 566 457 615 meminerit
470 566 590 613 Dominus
614 565 681 623 sint,
694 565 806 612 addidit:
819 567 862 613 Sed
873 567 897 611 in
908 565 944 611 bic
954 565 1060 612 cornibus
1071 579 1140 624 supc-

62 635 132 681 verbi
145 635 195 694 sui3
207 648 255 694 quo
272 647 315 682 nos
332 634 363 681 ad
377 634 525 694 sperandum
536 646 591 693 pro-
613 647 695 682 rancus
703 636 798 694 propter
806 647 872 691 cnm,
881 635 970 694 quinos
978 633 1066 680 dilexit.
1079 636 1140 693 Ergo

62 704 149 761 vocat3
162 707 188 751 nt
200 703 303 751 terrenis
313 703 500 761 renuntiemus,
511 702 591 750 inhaa-
614 701 867 760 siquisuultadrcrsa
875 713 1000 761 superare,
1011 701 1031 747 si
1040 702 1140 761 estper-

61 785 158 820 rcamus
168 773 315 821 coelestibus.
604 771 723 831 secutio,
740 771 760 818 si
771 772 809 818 est
818 771 971 831 periculum,
983 770 1004 817 si
1021 782 1101 829 mors,
1117 771 1139 818 si

92 838 116 887 d.
128 842 194 888 Dicit
210 854 268 901 crgo
279 842 359 890 David
370 854 376 888 ι
388 841 516 888 Certamen
536 851 590 886 cer·
613 839 729 897 aegritudo
739 840 835 900 gravis,
850 839 871 887 si
881 841 994 887 incursus
1004 840 1141 897 latronum,

61 910 125 958 tatus
134 911 316 969 sum,bravium
325 910 460 970 pctoverbi
471 909 515 969 tui,
526 908 590 968 quod
612 907 633 954 si
649 908 792 957 facultatum
806 909 966 969 proscriptio,
982 909 1003 956 si
1018 908 1139 968 quidquid

61 978 194 1036 promisisti
206 978 268 1024 mihi
278 991 285 1023 ι
297 990 390 1025 memor
401 977 453 1024 esto
461 977 591 1037 promisso·
613 990 760 1038 eorumquae
770 978 1084 1039 putanturinistoadversa
1094 992 1140 1026 sae-

61 1059 116 1093 rum
138 1048 250 1105 tuorum,
270 1060 326 1107 quae
347 1044 498 1106 spopondisti
518 1057 589 1092 servo
613 1048 682 1106 culo,
693 1049 765 1096 facile
777 1048 931 1107 superantur,
945 1048 966 1093 sl
976 1046 1009 1094 sit
1020 1059 1075 1106 spes
1086 1060 1139 1106 quaa

47 1116 113 1162 tuo.
128 1117 180 1162 Non
197 1115 352 1175 usurpatorie
365 1113 475 1175 speravi,
490 1125 545 1173 quse
562 1111 590 1159 ut
613 1117 759 1164 consoletur.
780 1117 840 1163 Nam
860 1116 907 1162 etsi
929 1116 972 1161 illa
990 1115 1138 1169 acciderint,

57 1190 203 1249 sperarem,
226 1185 279 1244 ipse
301 1183 390 1231 iecisti.
410 1183 499 1230 Servus
520 1194 589 1241 sum,
613 1185 696 1230 tamen
704 1185 787 1243 grauia
795 1197 847 1232 csse
858 1197 907 1230 non
917 1186 1017 1244 possunt
1027 1183 1138 1231 dicentia

61 1255 179 1313 exspecto
190 1251 336 1300 aliruentunr
347 1264 362 1298 a
375 1252 479 1298 Domino
495 1262 501 1297 ε
518 1250 590 1296 miles
613 1253 731 1299 Existimo
753 1255 815 1300 cuim
831 1254 891 1312 quod
905 1254 1005 1311 indique
1020 1254 1068 1299 sint
1084 1267 1140 1312 pas-

58 1333 130 1380 sum,
142 1322 214 1380 exigo
222 1320 252 1366 ab
262 1320 409 1379 imperatore
420 1317 568 1380 stipendium
581 1331 588 1363 ε
613 1323 688 1369 aiones
694 1323 763 1382 bojas
769 1323 877 1382 inoperta
884 1323 914 1368 od
919 1322 1025 1380 fulcrum
1032 1322 1138 1382 plocium.

54 1391 163 1448 uocatus
173 1402 241 1448 sum,
252 1389 347 1447 postulo
357 1389 387 1435 ab
399 1389 520 1435 insitante
533 1401 590 1448 pro·
613 1390 728 1450 Quisquis
745 1391 812 1437 enim
830 1389 932 1437 meliora
952 1393 1050 1450 sperat,
1068 1402 1140 1437 num-

13 1450 16 1455 ’
59 1460 172 1507 missum.
188 1457 331 1504 verecundo
354 1458 437 1504 autem
459 1458 590 1505 auctorita·
613 1471 685 1519 quam
696 1459 829 1506 levioribus
843 1459 972 1517 frangitur.

60 1529 113 1574 tem
129 1538 179 1573 suae
193 1526 251 1572 fidei
269 1525 431 1585 temperarit,
443 1525 546 1572 dicendo
562 1538 588 1574 se
643 1528 666 1573 7.
678 1529 707 1573 ln
716 1529 826 1587 temporo
838 1528 914 1586 igitur
928 1528 1075 1577 humilitatis
1086 1543 1141 1579 nos·

60 1609 173 1655 servum3
182 1596 239 1654 quia
248 1597 313 1643 Oculi
320 1608 438 1643 sonorum
447 1597 472 1642 ia
480 1596 589 1649 monitus
612 1597 656 1644 trae
666 1609 722 1655 spes
730 1596 888 1643 consolatoria
899 1599 948 1656 est,
957 1610 1011 1657 quae
1023 1611 1071 1646 non
1082 1612 1140 1647 con-

60 1667 208 1713 dominorum
227 1676 332 1710 suorum.
352 1662 410 1708 liaec
433 1674 465 1709 cx
485 1674 588 1721 persona
612 1665 694 1712 lundit
709 1679 716 1710 z
734 1667 832 1724 tempus
853 1665 937 1712 autem
959 1668 1138 1732 tentationum,

61 1733 139 1782 David
149 1732 246 1792 propria
255 1732 318 1778 bene
327 1732 494 1791 promtasuut.
613 1735 709 1793 tempus
723 1732 871 1781 humilitatis
890 1735 978 1782 animae
992 1738 1080 1784 nostrae
1099 1750 1140 1786 ar-

91 1804 115 1848 5.
123 1803 242 1849 caelorum
249 1800 270 1846 si
281 1801 335 1859 quis
343 1799 540 1847 informationem
546 1812 589 1847 cu·
612 1803 696 1850 bitror.
711 1804 861 1851 Humiliatur
871 1804 938 1851 enim
950 1805 1031 1852 anima
1043 1807 1139 1867 nostra,

59 1873 148 1932 jusque
159 1869 265 1917 hominis
275 1869 515 1928 considerat,potest
525 1869 588 1917 leui·
612 1871 670 1917 dum
686 1871 792 1918 traditur
807 1871 940 1926 tentatori,
957 1872 1025 1920 duris
1046 1877 1140 1922 exami-

61 1940 94 1988 tis
110 1938 247 1986 communia
265 1937 384 1996 promissa
401 1937 507 1994 librare,
524 1937 589 1984 sicut
612 1940 692 1987 nanda
702 1941 840 1998 laboribus3
851 1942 880 1987 ut
889 1940 998 1988 luctetur
1013 1942 1039 1989 ct
1047 1945 1139 2003 certet,

61 2010 139 2056 babes
155 2022 162 2054 a
178 2010 239 2055 Date
250 2008 304 2054 Levi
313 2008 376 2054 viros
387 2006 451 2064 cios,
468 2008 520 2052 dotc
534 2009 590 2054 Levi
613 2021 768 2068 congressum
777 2008 904 2055 contrariae
915 2009 1046 2068 experiens
1058 2014 1141 2070 potes-

60 2078 195 2136 moniseclos
202 2077 260 2135 cjur.
269 2075 351 2122 Potest
358 2075 433 2124 etiam
443 2074 528 2132 populi
537 2088 589 2122 cre·
613 2079 670 2126 tatis
683 2092 690 2124 ε
706 2078 749 2126 sed
759 2077 785 2123 in
794 2078 833 2124 his
845 2077 1022 2127 tentationibus
1029 2079 1140 2128 vivitica-

61 2147 143 2195 dentis
153 2145 239 2193 electis
253 2144 387 2205 alloquium
403 2143 468 2190 istud
483 2145 562 2202 aptari
581 2159 595 2191 :¹
613 2146 654 2192 tur
668 2145 775 2205 alloquio
792 2146 848 2192 Dei.
860 2147 917 2193 iiaec
927 2145 964 2192 est
975 2148 1042 2194 enim
1053 2150 1140 2199 animm

61 2218 103 2264 cui
118 2229 163 2276 per
174 2217 260 2275 typum
270 2213 378 2273 ioseph,
395 2212 477 2270 primo
494 2213 520 2258 in
530 2214 589 2272 typo
613 2215 701 2262 nostrae
713 2214 797 2261 vitulis
806 2215 951 2273 substantia,
961 2228 1010 2274 qua
1018 2216 1103 2277 alitur,
1115 2221 1141 2268 et

61 2286 116 2345 eius
133 2285 253 2341 nominis,
273 2283 362 2330 deiude
382 2294 428 2340 per
449 2282 542 2327 tribum
561 2283 589 2328 in
613 2283 731 2344 pascitur,
743 2284 936 2341 etgubernatur.
949 2285 1141 2347 Necquidquann
1190 2295 1196 2305 ·

60 2355 147 2415 primae
161 2352 288 2400 electionis
298 2351 409 2397 haeredes
420 2348 540 2396 transfusa
553 2351 591 2397 est
614 2352 683 2399 aliud
694 2354 731 2399 est
743 2351 808 2411 quod
822 2352 907 2399 vivere
919 2351 992 2399 iaciat
1007 2356 1141 2402 rationabi-

61 2423 148 2471 dtrina
158 2421 302 2481 promissio,
313 2420 411 2466 dicente
422 2419 504 2478 Moyse
516 2431 523 2464 :
535 2422 590 2466 Pri·
613 2421 1063 2480 lemanimam,quamalloquiumDei.
1073 2425 1141 2477 Sicut

60 2493 189 2553 moqeoituc
200 2491 262 2539 toori
271 2491 338 2536 decus
347 2489 415 2547 ejus:
429 2500 519 2534 cornua
535 2489 590 2534 noi·
614 2490 682 2538 enim
695 2490 798 2548 augetur
814 2501 892 2536 sermo
902 2490 948 2536 Dei
960 2490 986 2536 in
994 2491 1075 2539 anima
1086 2506 1142 2544 nos-

62 2562 146 2608 cornui
158 2572 248 2606 cornua
262 2558 311 2616 ejus
322 2571 330 2602 c
342 2558 366 2602 in
381 2558 436 2616 ipsis
448 2558 524 2616 pentes
534 2570 590 2602 ocn-
613 2556 664 2619 ira,
676 2559 734 2606 dum
743 2557 889 2619 suscipitur,
902 2558 962 2605 dum
976 2560 1141 2622 intelligitur,

62 2630 138 2677 litabit
147 2628 217 2676 simui
226 2641 297 2686 usqne
308 2627 339 2673 od
348 2627 503 2672 summitatem
512 2627 588 2672 terroe.
614 2629 671 2675 dum
694 2627 922 2687 comprehenditur3
940 2628 975 2674 ita
995 2628 1071 2675 otiam
1088 2631 1140 2678 vita

61 2697 244 2744 Unicumenim
255 2695 363 2742 Verbum
373 2694 419 2740 Dei
427 2695 473 2740 hoc
484 2694 591 2754 prophe·
614 2699 667 2756 ejus
675 2699 778 2756 augetur
790 2710 796 2742 :
811 2699 836 2745 et
846 2696 1073 2757 quemadmodume
1085 2714 1141 2748 con·

62 2768 129 2814 tatur
139 2768 246 2824 oraculo,
254 2765 305 2813 toto
315 2776 360 2824 per
370 2764 455 2822 gentos
465 2764 523 2810 orbe
535 2764 590 2811 lun·
613 2766 692 2814 trario
702 2766 836 2825 alloquium
855 2766 901 2812 Dei
917 2765 1002 2814 deficit
1020 2767 1046 2813 in
1061 2768 1141 2815 anima
1237 2758 1240 2765 ’

62 2835 179 2882 dcndum.
192 2835 242 2880 iioc
255 2845 312 2891 ergo
322 2832 468 2879 surrecturae
476 2834 589 2879 Ecclesiae
613 2835 708 2892 nostra,
720 2835 755 2881 ita
767 2834 792 2880 et
808 2833 912 2880 incurrit
924 2832 977 2890 ejus
990 2835 1043 2881 vita
1058 2836 1142 2884 deiec-

63 2905 213 2965 promissum
227 2903 308 2951 David
317 2900 472 2947 verecundus
482 2901 534 2959 sui,
545 2901 591 2947 im·
614 2904 677 2950 tum.
690 2903 773 2962 ltaque
782 2902 811 2948 ui
821 2902 942 2949 connexio
953 2903 999 2949 ista
1012 2905 1100 2952 animae
1118 2909 1143 2957 ct

63 2974 162 3035 patiens
179 2984 237 3020 vero
248 2969 385 3018 communis
400 2968 524 3029 proiectus
538 2981 592 3016 mo-
615 2973 723 3031 corporis
735 2972 812 3018 nostri
827 2971 916 3030 spiritu
926 2971 998 3017 vitali
1009 2973 1142 3033 animatur,

64 3043 152 3101 rantis,
164 3041 265 3099 exigere
276 3039 384 3086 ridetur.
616 3041 689 3099 atque
700 3038 788 3097 alitur,
800 3039 825 3085 et
835 3038 936 3084 tenetur
948 3051 954 3083 ι
967 3038 1002 3085 ita
1012 3039 1142 3088 nerboDei

94 3112 118 3159 6.
130 3112 161 3157 ut
171 3108 274 3156 addidit.
286 3109 341 3153 lioec
351 3119 387 3151 mc
397 3106 516 3163 consolato
526 3108 558 3154 cst
569 3108 593 3153 in
618 3108 643 3154 et
659 3105 762 3165 spiritali
777 3105 854 3163 gratia
867 3105 949 3151 anima
966 3105 1050 3152 nostra
1059 3107 1143 3154 vivili-
1161 3162 1165 3174 x

62 3181 195 3230 bumilitate
205 3190 272 3236 mco3
283 3176 394 3235 quoniam
412 3174 514 3221 oubam·
528 3176 593 3220 turim
617 3176 695 3222 catur.
704 3174 774 3220 Unde
785 3174 851 3220 omui
862 3185 952 3233 genere
962 3173 1060 3221 studere
1069 3174 1144 3224 debe·
1206 3193 1209 3200 ·

63 3249 241 3307 vivificavitmc.
260 3246 317 3291 llaec
336 3244 373 3290 cst
386 3254 456 3302 spes,
468 3241 521 3288 baec
538 3254 593 3301 quae
617 3255 688 3300 mus,
703 3242 733 3288 ut
746 3241 842 3301 reliqua
859 3240 942 3288 omnia
955 3241 1144 3302 posthabentes,

65 3318 142 3366 verbo
153 3317 196 3363 tuo
207 3313 308 3361 obvenit
322 3311 398 3368 mibi,
416 3310 539 3357 consolata
556 3310 594 3358 est
618 3323 791 3372 congregemus
814 3310 884 3358 nobis
905 3311 1011 3371 alloquia
1036 3312 1098 3371 Dei,
1119 3316 1145 3361 ct

65 3399 119 3443 me,
131 3385 159 3432 ut
174 3384 305 3432 tolerarem
320 3380 407 3427 acerba
425 3378 591 3439 praesentium.
617 3393 775 3442 congeramus
786 3381 813 3427 in
821 3379 958 3439 principale
968 3379 1106 3440 nostrum,
1117 3381 1143 3429 in

65 3457 130 3502 Dum
141 3452 199 3500 lacit
217 3453 306 3498 Paulus
323 3448 407 3496 contra
421 3459 525 3508 nomen,
543 3461 592 3496 non
617 3453 717 3510 sensns,
728 3451 755 3496 in
766 3449 957 3507 sollicitudines,
970 3450 1144 3500 consideratio-

67 3523 141 3570 habet
151 3521 204 3581 spei
214 3517 403 3568 consolationem
412 3529 419 3561 :
429 3515 488 3563 dnm
500 3516 593 3575 patitur
616 3534 670 3581 nes,
678 3522 794 3580 actusque
803 3519 1145 3582 nostros3utalloquiisscrlp·

52 3592 239 3652 pronomine,
255 3586 340 3635 haurit
354 3597 423 3644 spem
438 3585 468 3631 de
484 3588 593 3634 consola·
617 3591 726 3638 turamm
738 3587 802 3635 lacta
812 3589 894 3635 nostra
905 3589 1066 3648 conveniant,
1076 3602 1145 3638 neca

67 3662 146 3708 tione.
169 3660 198 3705 Et
217 3656 297 3704 tidelis
315 3653 393 3700 lactus
412 3652 532 3711 quomodo
549 3665 593 3700 nos
618 3656 1145 3717 sericpraeceptorumcoelestiumactusnos-

68 3728 218 3785 consoletur,
229 3724 313 3783 accipe
327 3736 334 3768 τ
347 3723 402 3783 Quis
412 3734 454 3768 nos
463 3722 593 3780 separabit,
618 3726 650 3772 tri
662 3724 800 3772 discordare
811 3723 956 3784 uideantur,
966 3738 1015 3784 quo
1025 3726 1145 3785 possimus

68 3798 166 3857 inquit,
177 3811 192 3843 a
202 3796 319 3843 dilectione
330 3791 415 3840 coristi
422 3789 433 3835 i
453 3789 593 3848 Tribniotio‚
620 3794 646 3841 et
656 3805 701 3841 nos
711 3793 793 3839 dicere
805 3805 812 3837 ε
825 3794 941 3854 Quoniam
951 3795 1065 3854 cloquium
1081 3797 1146 3840 tuum
1189 3844 1191 3848 ,

68 3880 101 3915 ou
113 3865 230 3925 caputio,
239 3876 271 3911 on
279 3861 416 3923 persecutio,
425 3871 457 3906 aa
467 3858 551 3916 fomes,
563 3873 595 3906 aa
619 3861 797 3919 vivificavitnos.

67 3935 211 3997 periculum,
228 3945 260 3978 ou
278 3928 386 3992 clodius?
401 3929 465 3975 Sicut
484 3929 595 3986 scriptum

169 4002 173 4013 .
402 3998 408 4009 .
478 3997 483 4007 .
641 3969 685 4007 *ld
694 3971 723 4006 est
734 3968 827 4006 animam
840 3949 966 4017 partemque
978 3968 1071 4004 nostram
1083 3964 1149 4010 spiri.

68 4005 102 4050 esi
111 4018 119 4048 :
128 4004 189 4063 Quia
199 4002 290 4060 proptcr
305 4002 327 4047 te
336 3999 407 4045 morti
420 3997 537 4043 tradamur
547 3999 596 4044 toto
621 4022 697 4066 talem,
707 4019 733 4057 d,
747 4016 789 4068 qua·
803 4022 899 4068 proxime
915 4023 963 4056 „„,
976 4018 1057 4053 dim„
1070 4025 1075 4051 ,
1089 4018 1108 4051 ᾖ,
1122 4023 1148 4056 eu

68 4071 118 4127 dic,
131 4067 325 4117 minimissimus
334 4067 360 4114 tii
370 4063 555 4121 ovetotct'tt'ottt't.
567 4063 596 4112 Et
621 4073 686 4114 verbo
694 4071 769 4121 saepius
781 4073 852 4110 utitur
860 4069 973 4112 s..rraesu1
981 4067 1054 4104 eodem
1063 4075 1130 4108 sensu.
