2760 4794
146 346 194 397 tid
545 342 666 389 sdltc'l'l
680 338 843 387 ,lliltbosll

147 432 214 481 ribos
227 428 339 491 midde,
350 440 401 490 qne
412 420 558 489 {ecdnes'soo
569 441 577 471 .·
589 427 627 475 scd
642 438 678 473 so-
702 422 801 470 veteris
821 417 899 481 igitur
925 415 1047 466 bominis
1072 414 1241 465 vestimentum

147 500 249 546 cundum
266 511 335 546 soom
349 496 530 544 nrisericordiass
546 494 621 542 suloos
635 505 678 541 nos
702 492 769 540 vitiis
777 490 867 538 erroris
876 485 1068 547 intextum‚in
1077 485 1242 543 lavacrirege-

148 562 678 628 secitperlorormmrcqcnorationisetreao·
702 560 830 607 neratione
849 556 999 618 depositum
1020 553 1108 603 nescit
1133 553 1242 613 quomodo

148 636 247 683 sotionis
272 635 371 693 Spiritum
391 632 474 680 sanct.
497 629 583 677 Veteri
603 628 678 687 igitur
701 628 778 686 possit
785 626 899 684 induere3
911 623 1001 673 studio
1010 623 1084 671 enim
1093 621 1243 671 correctionis

149 714 232 751 errore
241 700 360 760 deposito,
369 700 394 747 ci
403 698 498 759 Spiritu
506 698 677 758 sancto,stque
703 693 839 742 inoleverat
859 693 952 741 oblivio
976 692 1157 752 peccatorum.
1177 691 1242 739 'iant

148 769 216 817 omni
240 780 336 816 morum
356 765 528 816 emendatione
546 766 678 812 renovatus
702 761 932 810 inconsummate
953 759 1153 807 emendationis
1163 759 1242 819 est3rt

149 840 209 888 dicit
219 853 226 885 ι
237 842 340 887 Dreinos
355 841 417 886 cnon
427 838 552 898 aliqnando
564 838 677 884 manns.
704 832 728 879 in
740 831 870 892 quamdam
886 828 1013 891 pueritiae
1025 829 1120 877 redeat
1137 828 1241 889 spirihlir

148 909 223 958 Vides
236 922 293 968 ergo
304 908 362 968 quia
372 906 450 955 errori
465 905 619 954 renuntiasse
630 915 680 951 non
703 899 816 959 etatem,
827 911 882 959 quae
893 897 948 945 vias
964 897 1067 945 erroris
1082 897 1192 956 ignoret,
1201 896 1241 945 rri-

149 975 219 1035 vitit,
230 976 273 1023 sen
284 974 408 1035 protectus
419 974 465 1022 est.
703 966 1239 1027 menetiamsivelitnonpossitadmittereq

179 1045 204 1093 5.
214 1045 337 1091 Postremo
353 1043 407 1102 ipss
421 1044 447 1089 te
462 1040 549 1089 doceat
562 1038 680 1087 Dominus
703 1036 762 1097 quia
778 1034 920 1084 desueverit
935 1045 1020 1081 nsum
1032 1045 1112 1081 nome
1127 1034 1238 1093 pereundi.

148 1112 255 1172 lesus,si
264 1110 494 1159 liumanisconsiliis
502 1111 543 1158 rel
551 1107 680 1156 sententiis
705 1107 733 1154 nt
741 1106 794 1166 jam
802 1105 832 1153 de
840 1104 916 1163 hujus
926 1102 1029 1152 litteras
1044 1103 1238 1164 interpretatione

149 1193 199 1229 uon
210 1182 281 1240 putas
293 1193 346 1228 esse
365 1179 523 1228 eredendum.
535 1179 643 1236 Namque
654 1177 680 1223 in
704 1175 762 1222 satis
777 1174 870 1223 dictum
880 1172 997 1221 arbitror
1010 1184 1019 1218 a
1034 1184 1109 1219 nnnc
1127 1183 1238 1231 eognosm

150 1250 282 1309 Evangelio
289 1262 332 1296 suo
344 1249 396 1309 ipsa
408 1248 517 1297 adseruit
527 1246 591 1307 quod
600 1246 681 1306 pastor
704 1257 758 1291 mus
769 1256 801 1292 ex
816 1242 935 1302 subditis,
946 1254 1012 1303 qna)
1024 1240 1062 1290 sit
1070 1241 1127 1291 riri
1142 1253 1237 1289 consu·-

150 1319 252 1379 reliquit
270 1318 403 1378 nonaginta
420 1318 447 1364 et
464 1328 554 1364 norem
565 1328 636 1374 oves,
656 1314 681 1361 et
704 1311 764 1358 mati
774 1310 906 1359 sententia.
970 1338 976 1353 .

150 1402 225 1437 unam
241 1388 346 1449 requirit
360 1400 414 1448 quae
430 1387 531 1434 errarit.
544 1385 681 1432 centesima
735 1380 759 1427 li.
771 1381 855 1439 ltaque
867 1378 902 1426 sic
913 1375 967 1425 ait:
978 1376 1235 1440 Approplnquetoratio

151 1456 205 1504 ovis
224 1458 261 1504 est
273 1468 347 1515 quam
367 1455 427 1502 dicit
439 1466 530 1502 errasse
542 1466 549 1499 a
562 1451 681 1512 perfectio
705 1462 758 1497 meo
773 1451 799 1496 in
813 1449 935 1508 conspectu
948 1449 994 1494 tuo
1001 1479 1012 1504 ,
1024 1449 1134 1495 Domism
1151 1461 1160 1494 a
1174 1460 1236 1496 m·

152 1523 179 1569 et
189 1523 317 1582 plenitudo
329 1522 427 1569 numeri
439 1522 493 1582 ipsa
504 1521 529 1569 te
542 1520 647 1569 instruat
657 1521 682 1567 et
706 1515 1235 1566 nomoooomtoummdnneooeentedonm

151 1590 278 1638 intormet.
291 1593 343 1638 Non
358 1590 481 1638 immerito
501 1589 596 1637 ceteris
612 1588 682 1635 ante·
706 1587 795 1634 volare
813 1586 873 1634 iacit
890 1584 1039 1632 orationem
1058 1585 1131 1633 bona
1144 1585 1236 1646 vita,et

151 1658 231 1705 fertur
240 1672 248 1717 ;
258 1660 326 1716 Qum
336 1669 399 1705 erus
415 1669 461 1705 nsr
475 1657 561 1704 aritio
573 1669 599 1703 se
610 1669 682 1704 revo-
707 1656 749 1704 dat
773 1657 824 1704 alas
844 1655 963 1716 precibus
988 1655 1141 1716 spiritales,
1163 1656 1235 1718 quibas

153 1737 235 1784 casse,
252 1737 325 1783 quam
336 1737 413 1783 prope
426 1725 488 1772 vitia
499 1725 551 1785 ipsa
565 1724 680 1771 nescisse.
706 1725 845 1773 sanctorum
859 1723 892 1770 ad
908 1724 995 1771 Deum
1019 1724 1151 1772 evehatur
1166 1726 1236 1772 oratio.

152 1791 260 1839 lmbutos
268 1791 335 1838 onim
344 1791 412 1838 vitiis
423 1792 517 1838 animos
525 1803 619 1838 exuere
628 1791 683 1839 iraa-
707 1793 754 1842 Sed
770 1793 796 1841 et
813 1792 978 1854 spiritusque
997 1804 1121 1853 oramus,
1142 1794 1237 1842 sublevat

152 1860 191 1907 nis
202 1859 363 1920 cupiditatum
375 1864 449 1919 atque
461 1859 622 1919 emendasse,
633 1872 683 1907 non
706 1872 806 1920 precem
815 1858 888 1918 iusti;
897 1857 1015 1906 maxime
1024 1859 1048 1907 si
1059 1860 1140 1909 eorde
1150 1861 1237 1910 contnto

152 1929 231 1977 solam
241 1928 358 1988 perlectae
368 1927 484 1988 rimatis,
495 1929 538 1977 sed
550 1929 624 1976 etiam
635 1941 684 1976 coe-
708 1928 857 1988 compatiens
875 1939 931 1974 eam
950 1929 1123 1978 commendet
1142 1931 1237 1979 allectus

152 1996 222 2044 lestis
249 1997 287 2043 est
311 1995 404 2056 gratim.
430 1996 567 2043 Emendare
590 1995 683 2043 etenim
706 1997 871 2045 consummati
889 1996 974 2044 autem
985 1997 1041 2045 viri
1061 1997 1114 2046 ista
1132 1999 1238 2048 estoord

153 2063 234 2112 lutura
245 2063 394 2111 adtentionis
404 2063 518 2111 humanae
529 2065 566 2110 est
578 2076 584 2109 e
596 2065 684 2123 praete·
707 2066 799 2114 dentia.
815 2066 928 2125 Denique
950 2066 1009 2124 ipse
1026 2067 1114 2116 David
1132 2069 1160 2117 in
1178 2083 1238 2131 sape·

152 2133 199 2181 rita
213 2132 326 2180 damnare
337 2131 428 2179 divium
440 2131 478 2180 est
487 2133 623 2193 potestatis.
634 2134 684 2180 De-
706 2137 813 2184 rioribus
834 2136 905 2184 istius
924 2136 1020 2183 Psalmi
1044 2137 1177 2187 lucernam
1198 2139 1239 2187 suis

153 2202 229 2263 nique
246 2203 372 2251 inventam
388 2204 470 2262 pastor
485 2215 556 2249 ovem
574 2202 684 2251 humeris
707 2206 811 2266 pedibus
827 2205 982 2265 requirebat3
1000 2218 1038 2254 ne
1056 2207 1087 2254 in
1099 2208 1148 2257 lroc
1162 2209 1238 2257 itinero

153 2269 271 2331 imposuit
289 2270 350 2319 suis.
360 2270 475 2330 Agnoscis
492 2271 579 2331 utique
590 2273 683 2331 myste-
708 2278 805 2323 terreno
820 2275 947 2322 ambulans
960 2276 1052 2334 posset
1068 2289 1164 2326 errare.
1181 2281 1238 2326 lium

153 2338 237 2398 rium,
251 2339 372 2398 quomodo
393 2338 445 2385 ovis
463 2339 525 2385 lassa
545 2338 682 2400 reticiatur3
708 2345 791 2392 autom
805 2345 876 2404 qnasi
893 2344 988 2402 iamin
1015 2345 1069 2394 tine
1089 2350 1118 2397 et
1136 2360 1239 2409 processu

153 2407 272 2465 quianon
286 2406 366 2465 potest
376 2406 449 2455 aliter
459 2406 565 2453 bumana
576 2407 684 2454 conditio
706 2411 814 2470 positus,
834 2410 1006 2458 consummato
1023 2413 1117 2460 viandi
1135 2426 1238 2472 manne,

153 2476 217 2522 lassa
234 2475 355 2534 recreari,
371 2476 419 2523 nisi
438 2477 588 2523 sacramento
599 2478 684 2524 Domi·
708 2479 773 2526 totus
783 2479 900 2538 adsurgit
912 2479 941 2526 st
949 2480 1099 2528 orationem
1110 2496 1177 2531 suam
1188 2482 1239 2530 diri·

153 2543 216 2590 nicae
224 2544 683 2604 passionis,etsanguinisiesucbristi,
708 2549 743 2608 git
754 2549 777 2594 in
790 2549 899 2596 coelestia
911 2561 917 2593 r
930 2547 1014 2596 mittit
1026 2563 1085 2598 eam
1096 2553 1125 2600 in
1136 2565 1239 2612 conspec-

153 2613 219 2669 cujas
228 2615 375 2671 principatus
386 2627 455 2671 anper
466 2614 573 2661 iinmeros
585 2616 646 2674 ojos;
659 2617 684 2661 in
708 2619 761 2664 tum
771 2617 870 2664 Domini
881 2617 1032 2678 Selaima,
1045 2622 1112 2670 dans
1123 2623 1160 2670 illi
1175 2623 1239 2669 dabra

153 2678 684 2741 itiaemmcruceinnrmitatesnostraspor-
706 2687 820 2746 justitiae,
841 2687 969 2745 sapientias
997 2689 1123 2751 flamina,
1147 2693 1238 2751 remigia

153 2745 231 2825 lauit,
242 2746 270 2792 ut
282 2746 315 2791 ibi
328 2746 436 2791 omnium
447 2748 547 2805 peecata
557 2752 682 2797 vacuaret.
708 2756 844 2803 devotionis
854 2757 878 2803 et
896 2754 969 2814 fidei,
985 2756 1147 2809 innocenfiae
1158 2763 1239 2822 purga.

153 2815 245 2894 lilerrto¹
254 2815 361 2876 gandent
371 2815 470 2895 Angeli3
482 2815 541 2874 quia
552 2817 574 2863 is
590 2819 632 2876 qui
645 2832 684 2866 er·
708 2824 787 2883 tisque
798 2823 918 2882 subsidia;
927 2826 1036 2882 peceato
1046 2830 1118 2876 enim
1130 2831 1240 2890 gravescit

154 2884 343 2943 rav1t‚gamnon
354 2885 566 2943 errat,1amsuum
578 2887 614 2934 est
622 2888 684 2934 obli·
707 2894 799 2951 oratio,
811 2894 836 2940 et
846 2893 917 2952 longe
931 2893 959 2938 nt
970 2906 985 2939 a
997 2894 1065 2942 Deo.
1078 2899 1158 2946 Tanto
1168 2903 1239 2946 autem

143 2954 194 3000 tus
205 2964 322 2999 errorem·
363 3020 369 3032 1
707 2961 762 3019 plus
772 2961 894 3018 gravatur,
903 2962 994 3019 quanto
1008 2963 1201 3024 improbabilior
1208 2969 1240 3015 est

184 3019 208 3069 i.
220 3023 271 3069 Non
283 3034 351 3069 error
362 3021 445 3082 igitur,
456 3023 499 3070 sed
509 3025 684 3071 consummatio
707 3029 758 3075 vita
776 3029 938 3089 deprecantis.
961 3031 1145 3082 innocentium
1167 3038 1238 3084 autem

155 3090 207 3149 est,
219 3090 247 3137 ut
259 3091 336 3138 altera
348 3091 419 3137 docet
433 3092 613 3150 interpretatio.
623 3092 684 3138 don-
707 3097 833 3143 adscendit
850 3097 942 3154 oratio,
962 3097 987 3144 et
1013 3103 1131 3158 gemitus
1153 3118 1239 3164 compa·

154 3160 283 3207 summatio
302 3161 399 3217 autem,
411 3161 530 3219 perfectio
548 3161 684 3220 disciplinae
708 3165 792 3211 tientis
800 3165 909 3222 affectus,
918 3165 938 3211 si
946 3167 1094 3226 AEgyptium
1103 3173 1185 3219 lutum
1192 3174 1238 3220 ode·

154 3230 201 3276 est.
212 3229 281 3274 Unde
295 3229 320 3275 ct
330 3229 468 3275 Hieremias
478 3229 504 3274 in
520 3229 571 3276 suis
581 3230 684 3277 Timonis
707 3234 770 3291 rint,
781 3235 808 3281 et
818 3234 914 3293 operari
930 3234 1034 3282 terrena
1051 3239 1190 3289 declinent.
1198 3243 1238 3289 De-

154 3296 200 3342 sub
212 3297 257 3343 hac
265 3296 348 3343 littera
357 3296 405 3343 ait:
415 3297 504 3356 Defecit
514 3299 625 3357 iniqnitas
633 3302 683 3356 tna,
707 3303 782 3362 nique
793 3303 828 3350 sic
841 3301 934 3361 legisti,
946 3304 1013 3362 qnod
1025 3307 1190 3357 Hebraeorum
1203 3312 1238 3371 qni

153 3366 340 3423 tilioSiontnon
350 3368 441 3424 adjiciet
453 3370 472 3413 tc
480 3369 591 3426 expellere
600 3369 682 3416 oditur.
708 3372 768 3419 dura
786 3373 950 3432 AEgyptiorum
972 3372 1084 3432 imperia
1108 3378 1175 3426 ferre
1198 3392 1238 3426 nou

156 3434 264 3510 Vintooit
283 3436 414 3491 iniquitates
435 3437 502 3490 trias,
517 3437 567 3492 fitia
584 3439 660 3484 Edoni
675 3455 683 3486 .·
707 3442 833 3498 poterant3
846 3443 909 3488 etut
919 3441 1020 3500 gravia,
1035 3443 1072 3491 ita
1085 3447 1112 3493 et
1124 3448 1238 3496 lutulenta

155 3499 684 3576 revelavitnaperpeccototno.ddvertisquo·
708 3520 781 3566 opera
802 3507 900 3565 indigna
922 3507 960 3553 sui
984 3509 1122 3559 nobilitate
1149 3514 1238 3573 generis

155 3578 224 3645 mam
242 3568 366 3644 'llthuiias
387 3580 437 3613 non
462 3569 542 3627 potuit
564 3570 617 3618 sine
637 3574 682 3621 Dei
707 3575 860 3631 recusabant,
869 3574 974 3632 gemitus
985 3576 1011 3621 et
1023 3589 1078 3624 vox
1090 3580 1238 3628 adscenderit

156 3635 295 3683 visitatione
322 3636 440 3696 deiicere,
462 3651 507 3684 nec
530 3640 603 3698 plena
631 3655 683 3689 esse
707 3643 738 3689 ad
749 3643 880 3690 Dominum
888 3644 966 3689 Deum
977 3646 1105 3695 nostrum.
1114 3650 1239 3697 Adscendit

156 3703 346 3782 correctio‚nisi
359 3718 403 3762 per
414 3707 515 3764 gratiam
525 3709 622 3756 Domini
631 3711 684 3756 Sal·
707 3712 774 3758 enim
789 3712 883 3770 oratio;
906 3712 963 3771 quia
991 3715 1038 3759 etsi
1063 3721 1239 3778 operabantur,

156 3771 262 3852 valoris?
279 3773 402 3849 Quomodo
420 3778 502 3822 aritom
522 3776 620 3824 deficiat
637 3780 684 3825 ini·
707 3780 789 3827 tamen
801 3780 963 3839 operabantur
975 3782 1062 3831 inviti.
1074 3787 1240 3834 Descendebat

156 3842 253 3920 quites,
261 3841 319 3889 audi
328 3841 451 3887 dicentem
461 3844 592 3891 Ecclesiam
603 3861 608 3891 ι
618 3849 684 3896 Exiit
707 3850 789 3908 itaque
807 3851 837 3896 ad
850 3851 904 3899 illos
922 3851 967 3898 Dei
980 3853 1160 3905 misericordia
1171 3873 1178 3918 ;
1188 3859 1240 3917 quia

158 3913 261 3956 ironicam
275 3923 365 3966 meam,
383 3913 495 3969 qriomodo
507 3914 603 3960 irrideam
614 3915 683 3962 eom?
708 3918 806 3964 illorum
817 3919 846 3964 ad
857 3919 936 3966 Deum
946 3920 1119 3972 adscendebat
1136 3926 1239 3975 devotio.

156 3978 287 4038 loripedes
296 3981 486 4040 meonqnoonodo
494 3982 620 4041 inquinabo
631 3984 683 4034 eos?
737 3985 760 4033 6.
771 3986 938 4035 Adscendebat
949 3988 1032 4051 itaque
1046 4004 1099 4043 non
1112 3995 1243 4058 corporali·
