2760 4794
412 444 447 489 ln
462 443 625 490 Pallanum
639 444 749 491 cxviii
767 445 959 494 exaustum.
1141 495 1156 505 ,
1182 447 1229 496 8Ξ9

145 531 205 572 aem
222 532 317 583 meam,
336 522 454 586 Domine,
472 537 488 573 a
504 525 674 573 mandatorum
699 524 764 575 dixit
780 527 903 578 lohannes
918 543 927 576 τ
943 539 1002 590 ergo
1022 528 1049 579 et
1065 525 1183 580 monium
1201 531 1228 578 ln

119 608 123 618 ·
144 593 245 639 tuorum
266 592 330 640 serie
348 593 471 641 declinavi
487 609 494 642 :
510 595 554 641 sed
572 583 677 645 intellecti
698 597 805 655 maligno
824 599 874 656 est,
892 598 997 646 mundus
1014 599 1104 658 plenus
1121 599 1226 658 peccati.

146 662 278 709 testimonio
296 665 348 710 tna.
360 662 385 708 Si
396 663 463 710 enini
474 675 524 710 nou
536 663 677 712 intellexis·
698 663 914 714 consummaverat
930 667 1050 714 malitiam
1067 679 1137 714 suam
1155 679 1228 714 mnn-
1249 687 1252 691 ·
1353 652 1357 661 ’

145 740 212 789 sem,
222 733 363 790 peccatores
376 743 418 778 me
431 731 519 790 ntique
536 730 575 777 illi
591 731 676 791 perdi-
698 731 757 790 dus,
767 733 832 780 sicut
842 729 1054 784 consummaverat
1069 734 1142 793 Saul,
1157 734 1227 793 cuius

144 797 247 848 dissent.
266 799 326 857 Qua
348 798 462 846 intellexi
480 798 567 858 ntique
585 811 675 859 sensu,
698 799 1243 851 videnscousummatsmmslltiamtouatlias'

146 866 224 914 ctiam
240 867 359 926 operibus
383 867 483 914 secutus
501 879 570 926 sumg
592 879 675 927 neque
697 868 763 916 lilius
776 870 891 919 inDarid
901 871 1062 931 proplietam,
1073 871 1229 919 cidemnun-

145 935 214 983 cnim
228 935 309 983 nudus
323 935 464 983 intellectus
479 936 532 993 est,
542 935 586 982 sed
600 948 675 995 quem
698 937 771 985 tinnit
780 939 809 986 ut
819 939 955 986 declinaret
965 940 992 987 et
1002 939 1107 1002 fugeret.
1118 940 1229 998 astorgo

146 1004 223 1052 otiam
240 1005 304 1054 tacta
319 1004 450 1052 testantur.
461 1005 575 1063 Denique
589 1006 676 1054 Beatam
698 1007 874 1054 consummatio
900 1008 1022 1068 malitiae,
1051 1007 1229 1055 consummatio

145 1074 188 1132 gni
197 1074 303 1134 intelligit
319 1085 388 1133 super
398 1085 494 1131 eperum
509 1074 531 1119 et
540 1086 674 1132 pauperem.
697 1075 862 1132 peccatorum.
874 1075 949 1123 veuit
956 1087 1033 1135 agnus
1043 1076 1104 1133 Dei,
1115 1075 1159 1134 qui
1169 1075 1229 1124 tulit

144 1140 191 1189 lile
202 1142 288 1203 utique
305 1141 423 1200 intelligit
438 1153 512 1199 super
526 1153 675 1201 pauperem,
698 1144 825 1199 peecatum
840 1145 943 1203 mundi,
957 1145 1002 1204 qul
1012 1144 1050 1191 est
1063 1144 1172 1191 cbristus
1185 1145 1229 1190 Je-

145 1210 189 1270 qui
199 1210 300 1269 largitur
311 1209 421 1269 pauperi.
437 1210 498 1256 Nam
509 1210 569 1269 quid
577 1210 677 1268 prodest
698 1223 752 1270 sus,
763 1210 820 1257 linis
829 1211 914 1271 Legis,-
924 1211 1074 1272 principium
1085 1213 1111 1258 et
1121 1211 1193 1270 linis,
1202 1211 1230 1260 et
1285 1234 1289 1242 ·

144 1279 262 1327 misereri
272 1279 365 1339 inopis,
374 1277 424 1325 uisi
439 1277 582 1326 alimoniam
593 1277 675 1326 eidem
698 1279 809 1326 remissio
819 1282 985 1339 peccatorum.
1002 1281 1074 1326 llunc
1084 1280 1158 1342 linem
1169 1291 1228 1327 con-

145 1345 273 1407 largiaris?
677 1403 679 1407 ⁷
698 1348 868 1396 summationis
881 1349 945 1398 vidit
954 1349 1075 1409 Propheta
1087 1348 1115 1394 in
1125 1348 1228 1408 spiritu,

175 1413 216 1462 dd.
233 1414 348 1475 Sequitur
363 1427 449 1463 versus
462 1416 563 1462 actenus
576 1428 583 1462 a
595 1416 676 1464 cannis
697 1413 740 1473 qui
755 1417 952 1464 consummatum
965 1416 1048 1466 saculi
1060 1416 1171 1464 aboleret
1186 1427 1227 1464 er-

144 1487 354 1533 consummationis
373 1486 422 1532 eidi
434 1485 674 1545 {immcemplismnm
697 1493 778 1530 rorem
800 1496 808 1529 c
829 1484 893 1533 vidit
913 1486 1031 1547 sangnine
1053 1485 1107 1543 ejus
1129 1483 1228 1532 diversa

142 1554 285 1601 mandatnm
295 1553 674 1613 tauma-aldclt'onpossumuslu
697 1550 808 1596 omnium
826 1551 927 1611 peccata
941 1553 1065 1600 mundari.
1084 1553 1151 1598 Bene
1170 1562 1229 1610 ergo

144 1622 261 1670 omnibus
277 1621 329 1669 vim
347 1620 420 1680 graeci
445 1621 564 1668 sermonis
589 1621 674 1679 expri-
696 1616 1226 1680 dixit:Omniscensnmmntiontsoidiginemg

144 1701 214 1736 mere
226 1701 233 1736 s
245 1687 322 1745 maior
331 1687 358 1734 in
366 1698 443 1746 graeco
453 1687 674 1747 plerumqusriset
697 1685 742 1734 hoc
752 1688 804 1746 est,
820 1687 872 1735 uidi
884 1690 1043 1738 consummati
1059 1687 1175 1737 adulterii
1185 1700 1228 1735 rs-

144 1768 235 1818 pompa
247 1755 366 1804 sermonis
379 1755 425 1802 est.
436 1750 673 1814 Telosdicitnrgrae-
695 1755 836 1818 missorem,
856 1759 909 1807 vidi
927 1759 1101 1808 consummate
1118 1758 1226 1806 luxurias

145 1837 191 1884 ee,
201 1825 266 1885 quod
275 1836 319 1871 nos
328 1822 441 1871 latineet
451 1823 526 1869 finem
536 1822 674 1871 dicimuset
695 1825 769 1884 atque
784 1826 906 1886 lasciviae,
926 1829 1100 1876 consummatas
1119 1826 1227 1873 erudeli-

145 1888 560 1943 consummationemsrslorautem
573 1893 599 1939 et
616 1904 673 1939 con·
696 1892 753 1941 tatis
773 1895 847 1955 atquc
865 1896 982 1956 saevitias,
1002 1895 1083 1943 omnis
1101 1895 1226 1955 postremo

144 1963 315 2012 summationis
326 1962 405 2023 ipsius
418 1961 475 2008 finis
485 1962 535 2019 est,
546 1961 610 2008 sicut
620 1960 675 2007 linis
696 1961 783 2020 flagitii
801 1975 848 2023 per
866 1975 967 2012 crucem
986 1975 1056 2012 suam
1073 1962 1165 2011 delicta
1182 1962 1226 2012 do-

145 2033 219 2093 Lsgis
238 2033 276 2080 est
293 2031 402 2079 christus
420 2028 451 2077 ad
467 2029 594 2088 iustitiam·
607 2030 673 2076 omni
696 2033 806 2078 nantem.

145 2101 268 2150 eredenti.
288 2100 369 2148 llabes
387 2100 506 2158 scriptum
525 2111 532 2143 =
552 2100 612 2146 Ecce
634 2112 674 2159 epo
725 2094 765 2145 lic.
787 2098 828 2146 Est
848 2098 923 2148 etiam
943 2099 1110 2147 consummata
1130 2097 1225 2159 virtus,

144 2170 264 2220 notorem
273 2168 675 2228 snm-...usqueadeonsnmmntio
697 2169 863 2214 consummata
892 2169 1029 2228 sapientia,
1059 2167 1227 2216 consummata

144 2251 202 2287 nean
217 2240 304 2288 soecnli.
322 2234 502 2284 consummatio
520 2247 578 2295 ergo
592 2235 674 2282 saeculi
694 2233 805 2292 justitia,
816 2234 1226 2284 sedhabetfiriem.Finisomniuru

144 2305 205 2355 linis
224 2306 307 2355 saecnli
325 2304 363 2352 est
375 2319 382 2351 s
394 2304 450 2352 finis
465 2303 550 2350 autem
566 2305 674 2351 omnium
696 2301 816 2350 uirtutum
826 2303 950 2361 christus,
960 2304 1004 2364 qui
1012 2305 1066 2363 {inis
1076 2306 1109 2352 cst
1118 2306 1185 2364 Legis
1195 2305 1228 2351 ad

145 2375 266 2424 christus.
276 2373 501 2422 consummationes
514 2373 597 2421 autem
610 2374 675 2420 mul·
693 2370 811 2430 jmranam
821 2374 1003 2420 oneraremur.
1015 2372 1090 2420 Vides
1099 2373 1158 2432 quia
1169 2373 1226 2421 linis

145 2444 189 2493 tae.
210 2444 252 2492 nst
269 2442 462 2502 consummatio,
479 2442 576 2502 quando
593 2455 675 2490 resur·
697 2442 735 2488 est
748 2439 823 2488 fideii
838 2441 905 2488 Bene
923 2453 981 2502 ergo
996 2442 1050 2489 ait:
1071 2442 1151 2491 Omnis
1168 2454 1232 2489 eors-

144 2511 225 2560 rectie
242 2514 279 2560 est
296 2512 327 2560 ad
345 2512 458 2559 salutem.
477 2511 674 2558 consummatum
696 2511 857 2558 commotionis
869 2511 918 2557 cidi
926 2510 1006 2568 finem.

143 2593 245 2641 quoqne
262 2593 323 2641 opus
341 2579 433 2627 dicitur
450 2578 587 2639 perlectum
604 2591 673 2639 opus.
725 2577 765 2627 tc.
777 2580 846 2626 Nunc
856 2579 914 2639 qnia
925 2579 1226 2627 consummationisdnern

144 2650 317 2698 eonsummata
344 2648 440 2696 malitia
465 2648 569 2707 dicitur,
590 2648 617 2694 id
638 2653 674 2697 est
696 2649 853 2708 agnovimus,
865 2661 1024 2708 agnoscamus
1037 2650 1098 2709 quid
1112 2649 1144 2696 sit
1157 2662 1164 2695 s
1175 2651 1226 2697 Lc-

143 2719 235 2781 plena,
254 2719 294 2766 cui
311 2719 375 2765 nihil
393 2717 458 2765 desit
476 2717 507 2764 ad
524 2717 633 2766 studium
650 2720 675 2766 et
696 2720 745 2766 tnm
765 2720 904 2766 mandatnm
924 2721 991 2766 tunm
1011 2720 1087 2766 neue.
1112 2718 1227 2777 Legimus

143 2788 226 2835 artem
238 2788 352 2836 nocendi.
363 2788 404 2835 Est
414 2787 588 2834 consummatio
597 2787 675 2834 homi·
695 2787 761 2846 quod
771 2788 874 2846 angusta
884 2787 915 2834 sit
925 2788 995 2846 porta
1006 2799 1133 2846 perquam
1144 2787 1231 2846 ingre*

144 2856 200 2917 nis,
215 2857 241 2905 et
254 2857 337 2904 multae
348 2855 583 2916 consummationes,
597 2854 674 2902 donee
696 2854 809 2912 diantur,
819 2854 862 2914 qui
874 2855 972 2902 aetsrnae
982 2854 1042 2901 ritae
1052 2853 1159 2901 fructum
1171 2853 1226 2900 adi-

143 2924 179 2973 ad
188 2926 324 2984 perlectum
334 2923 427 2972 veritat.
696 2921 833 2981 piscantur.
839 2923 917 2968 Rana
924 2933 992 2968 unmr
999 2919 1079 2985 virtus
1086 2921 1112 2967 et
1118 2920 1227 2968 diideilis

176 2992 216 3040 to.
235 2994 351 3052 Legimus
367 3003 424 3050 ergo
444 2990 470 3037 et
487 2989 676 3038 consummatio·
696 2989 836 3048 passionum
851 2989 991 3035 tolerantia.
1009 2989 1094 3034 Plures
1109 2988 1167 3034 snnt
1182 2988 1227 3046 qul

142 3072 206 3110 nem
216 3062 312 3119 saeeuli,
324 3059 427 3118 legimus
439 3059 465 3105 et
474 3059 558 3104 tinem.
569 3058 607 3103 De
617 3069 676 3103 con·
697 3058 779 3106 saeculi
791 3057 866 3114 hujus
877 3057 983 3116 spatiosa
994 3057 1127 3116 sectentur,
1137 3056 1180 3116 qul
1189 3056 1227 3103 di·

143 3130 310 3184 summatioue
338 3127 423 3174 saculi
453 3137 527 3184 supra
552 3123 676 3184 posuimus
697 3126 753 3173 eant
763 3137 771 3171 τ
783 3126 889 3184 Angusta
904 3125 932 3171 et
947 3125 1013 3171 arcta
1026 3125 1097 3172 nolris
1113 3125 1151 3172 est
1166 3125 1226 3184 ria,

143 3200 306 3259 exemplum,
316 3207 389 3255 quam
399 3194 511 3253 sequitur
520 3193 675 3241 resurrectio.
696 3205 751 3253 quas
760 3193 792 3240 ad
801 3193 933 3240 Dominum
944 3193 1029 3252 ducit,
1038 3193 1188 3240 conterimur
1200 3193 1227 3240 in

144 3267 290 3321 sicutenim
302 3269 328 3312 in
339 3265 416 3312 Adam
430 3277 509 3312 omnes
522 3264 657 3310 moriantur
668 3278 676 3310 .·
686 3238 688 3308 l
697 3261 753 3320 illa,
770 3261 940 3321 relinquamus
955 3273 1019 3310 eam.
1034 3260 1158 3319 Quomodo
1169 3272 1227 3321 ergo

144 3330 677 3389 ilectinclrrtsloomnssvivificabantur.l>ost
697 3329 757 3377 dicit
764 3330 886 3389 Propheta
893 3330 971 3376 latum
979 3329 1119 3376 mandatum
1128 3328 1227 3387 Dei,et
1293 3346 1303 3355 ·

143 3402 353 3456 resurrectionem
379 3398 553 3446 consummatio
575 3410 582 3444 ι
604 3411 677 3446 nnnc-
697 3398 769 3446 valde
787 3396 881 3445 latum?
903 3396 962 3444 ldeo
979 3396 1037 3457 quia
1053 3396 1161 3455 angustas
1177 3395 1227 3445 vim

145 3477 244 3536 quisque
260 3474 337 3522 antem
353 3471 379 3516 in
395 3481 437 3516 sno
449 3469 530 3515 ordine
542 3481 550 3513 .·
567 3469 676 3527 pn'mr'ttce
697 3467 773 3515 latum
782 3465 924 3513 mandatum
937 3466 1104 3516 necessarium
1115 3466 1161 3512 est.
1177 3466 1228 3512 lle·
1306 3527 1309 3530 .

145 3543 267 3597 cteristus,
284 3539 363 3586 deinde
376 3539 396 3584 n'
411 3539 451 3596 qni
463 3539 517 3584 sunt
528 3535 616 3584 Christi
620 3549 676 3597 ,qm
696 3537 772 3596 nique
787 3537 829 3584 laic
843 3535 897 3595 ipse
912 3535 1033 3594 Propheta
1047 3534 1082 3580 ait
1093 3545 1101 3581 t
1113 3537 1142 3583 ln
1153 3533 1229 3582 tritu·

144 3611 175 3660 m
195 3610 316 3656 aduentum
336 3605 386 3664 eins
408 3606 552 3655 creattdemnt
570 3618 579 3650 .·
596 3605 676 3652 dende
696 3607 782 3654 tatiane
791 3606 896 3653 dilatasti
906 3605 974 3651 milri.
986 3604 1016 3651 Et
1025 3603 1173 3651 iterumrln
1184 3603 1228 3651 tri·

142 3678 209 3740 finis,
218 3689 269 3722 cnm
276 3673 397 3723 tradiderit
407 3677 505 3732 regnem
511 3674 561 3718 Deo
570 3673 675 3728 etPetrt,
697 3673 1071 3730 anammanoocannannnsm,
1080 3672 1228 3720 sisnandici

145 3747 204 3794 dnm
221 3743 363 3792 messanerit
380 3753 472 3788 omnem
488 3739 645 3798 principatum
655 3741 677 3786 ct
697 3754 733 3789 ms
744 3743 769 3788 in
779 3742 911 3789 latitudine.

144 3814 291 3877 potestatem.
309 3811 371 3868 Ergo
385 3805 619 3859 consummationem
630 3818 677 3853 sae·
727 3809 767 3857 to.
783 3810 841 3857 llaec
851 3807 955 3856 latitudo
964 3807 1133 3857 mandatorum
1141 3802 1217 3876 eoeles

145 3880 199 3930 suli
222 3879 334 3938 sequitur
357 3875 413 3924 finis
431 3874 502 3934 iuxta
525 3873 675 3934 Apostolum.
698 3870 1227 3939 tinmcorl‘roplietaedilatalmtetdpostolr.

146 3949 219 3999 Unde
230 3946 352 4006 colligitur
362 3945 427 4007 quod
432 3944 548 4006 sequatur
558 3944 614 3993 linis
623 3956 676 3991 osu·
698 3945 812 4005 Denique
827 3946 853 3993 et
869 3945 922 4004 ipse
941 3943 1060 3992 dicebat:
1076 3943 1107 3990 Os
1120 3940 1228 3985 nostrum

146 4030 207 4070 nem
219 4014 462 4065 consummationem.
698 4016 761 4074 petet
775 4014 806 4060 ad
818 4027 873 4071 cos,
890 4024 905 4061 o
920 4011 1048 4067 Corinthii,
1066 4021 1107 4055 cor
1121 4007 1227 4053 nostrum

177 4085 218 4137 10⁷.
236 4080 635 4147 llundusinmalignopositusest,
647 4082 677 4132 ut
699 4082 823 4153 dietatem
830 4084 875 4154 9⁸2³?
884 4077 1054 4150 ¹liispensando
1063 4074 1130 4124 enim
1141 4073 1228 4122 coeles·
