2760 4794
142 476 190 522 2¹8
537 478 657 521 SANCTI
673 479 834 522 nnnnosn

141 559 187 607 dus
202 558 341 607 muctarem
360 558 495 618 virtutum3
512 560 570 620 quia
583 560 671 618 plenus
695 560 777 607 tecum
808 556 925 620 supplicii
945 557 1038 606 habere
1069 557 1234 608 consortium

141 630 180 677 est
190 628 365 687 nequitiarum.
377 628 467 674 Plenus
475 628 513 675 est
521 628 586 675 orbis
594 630 671 675 terra-
696 628 783 676 Studet
797 631 881 688 plures
898 628 991 677 similes
1001 628 1161 686 sui-videre3
1173 629 1199 674 et
1210 627 1234 673 ia

141 708 196 743 rum
204 697 333 754 remediis,
347 697 405 755 quia
419 698 507 756 plenus
519 698 556 743 est
567 697 670 755 laqueis.
695 708 725 741 eo
736 697 812 743 liniret
822 697 938 756 gloriam,
949 696 1014 755 quod
1024 696 1117 755 plnres
1128 695 1235 755 perditos

140 766 213 812 Putas
227 765 292 824 quod
309 766 335 812 iu
345 767 458 824 lupanari
468 767 577 814 Christus
586 767 611 812 te
623 778 670 811 non
696 763 791 811 iecerit.
803 766 857 823 lpse
873 768 912 812 est
922 765 1052 824 incentor,
1065 764 1126 824 ipse
1137 775 1234 811 accusa·

141 833 239 892 videat,
262 846 335 894 quern
354 834 423 881 videt
440 834 543 893 lupanar
563 831 672 881 intraret
695 833 747 892 tor,
760 832 812 892 ipse
825 834 851 879 in
861 834 949 881 ludam
960 833 1094 892 introivit,
1112 833 1169 893 ipse
1180 844 1234 879 eum

140 903 213 950 Putas
227 904 292 963 quod
307 903 332 949 in
346 904 468 951 adulterio
483 906 508 951 tc
519 917 567 951 non
583 904 673 962 depre·
695 899 726 945 ad
737 901 902 960 proditionem
920 901 1041 961 impulit,
1049 901 1111 960 ipse
1128 901 1198 947 misit
1206 900 1235 947 ad

142 970 250 1029 hendat,
271 984 346 1030 quem
355 971 424 1019 videt
440 973 588 1020 adulterium
606 972 672 1031 cogi·
696 969 819 1028 laqueum.
829 971 919 1028 Quanti
929 970 1020 1018 dicturi
1029 970 1093 1019 sunt
1105 969 1136 1016 in
1146 969 1235 1017 illodic

141 1037 250 1086 tantem?
258 1040 320 1086 Num
328 1041 436 1099 parietes
444 1039 543 1098 refugit,
552 1041 595 1099 qui
603 1054 673 1100 spec·
695 1038 812 1086 advorsus
831 1052 888 1086 eum
900 1053 907 1085 ι
918 1041 954 1085 Tu
969 1051 1014 1086 nos
1025 1037 1234 1096 circumvenisti,

141 1110 178 1156 tat
185 1121 280 1156 errores
291 1121 298 1154 ι
313 1111 339 1156 et
349 1110 471 1156 secretum
482 1111 592 1164 criminis
600 1123 672 1157 aver·
696 1107 724 1154 tu
733 1108 1141 1168 impulisti.Exemplumquaeris?
1149 1108 1236 1168 decipe

142 1179 223 1237 satur,
241 1179 285 1240 qui
303 1191 403 1226 scenam
419 1179 529 1227 criminis
547 1180 673 1227 intuetur?
696 1177 824 1225 dicentem
847 1180 923 1225 Evam
944 1179 1166 1238 praevancationis
1190 1189 1235 1224 sue

141 1251 178 1294 ltu
188 1248 260 1307 putas
273 1249 333 1296 tunc
343 1248 484 1308 primumtc
497 1248 588 1296 intrare
598 1250 672 1295 meri·
696 1248 820 1295 auctorem
831 1248 906 1295 fuisse
922 1250 1079 1307 serpentem.
1099 1248 1152 1295 Sed
1169 1248 1235 1295 illum

141 1317 234 1365 terium
245 1315 269 1376 ⁴,
281 1330 338 1364 eum
356 1316 475 1364 fornicem
486 1318 624 1365 meretricis
634 1318 673 1364 in-
695 1316 842 1377 implicavit,
852 1329 901 1363 non
914 1329 940 1364 se
952 1317 1071 1363 absolvit.
1080 1317 1131 1363 Cui
1140 1328 1236 1376 respon·

140 1385 267 1444 mederis?
283 1387 381 1434 intrasti
388 1387 454 1444 jam,
464 1386 563 1446 quando
579 1387 671 1447 cogita·
697 1386 733 1433 dit
743 1387 862 1434 Dominus
875 1400 881 1433 :
893 1389 945 1433 Non
955 1398 1134 1447 praeceperam
1145 1398 1235 1446 negus-

141 1456 224 1502 tiones
238 1455 294 1501 tuas
303 1455 424 1502 meretrix
441 1456 562 1504 introivit.
575 1456 672 1503 intrasti
699 1455 782 1503 taretis
793 1456 824 1502 de
834 1456 900 1515 ligno
909 1457 973 1514 solo,
981 1455 1049 1514 quod
1061 1455 1105 1503 est
1119 1457 1147 1502 in
1158 1454 1235 1504 medio

140 1522 206 1582 iam,
217 1525 315 1584 quando
334 1524 365 1571 ad
375 1525 517 1584 potiendam
532 1525 672 1583 prostibulae
697 1523 820 1583 paradisi?
836 1525 1006 1585 Respondebit
1026 1537 1089 1584 ergo
1108 1524 1236 1572 veritaset

140 1593 303 1652 cupiditatem
311 1607 397 1653 gressu
407 1594 674 1641 mentisinlrasti.Pnl-
697 1592 1235 1652 pluribus:Diabolnmaudistissuadentem

142 1661 199 1708 sasti
211 1661 673 1721 lupanarisiores,qnandoadmulieris
697 1661 785 1720 noxia,
797 1675 837 1709 me
855 1675 904 1710 non
913 1661 1031 1722 potuistis
1047 1663 1145 1711 audire
1155 1661 1236 1711 vitain

143 1731 343 1790 concupiscenda,
359 1732 473 1778 decorem
489 1731 572 1778 oculos
584 1731 673 1778 mentis
697 1731 864 1779 mandantem.

142 1801 270 1858 aperuisti.
282 1799 340 1847 Etsi
355 1813 441 1847 verurn
454 1800 539 1846 audire
548 1799 585 1847 vis
595 1811 672 1860 ,qno-
728 1797 766 1844 ll.
778 1799 808 1847 Et
818 1799 873 1846 ideo
889 1810 1021 1859 operemur
1035 1798 1157 1856 iustitias
1168 1813 1176 1846 a
1186 1800 1237 1847 lton

100 1889 102 1892 ·
142 1869 214 1916 modo
225 1870 251 1917 te
259 1869 284 1916 in
293 1869 409 1928 lupanari
421 1881 471 1915 non
479 1869 672 1926 viditchrislus3
697 1869 759 1914 enlm
769 1870 811 1928 qui
827 1872 955 1928 operantur
970 1869 1146 1928 iniquitatem,
1162 1869 1236 1916 iuriis

143 1939 239 1998 quando
260 1938 286 1986 te
301 1940 378 1997 vidit,
397 1938 456 1998 quia
472 1939 632 1987 adulterando
647 1938 672 1984 in
697 1937 1236 1995 deambulaveruntrumaudasumuuddn

142 2008 265 2054 cordetuo
276 2009 301 2055 te
312 2008 393 2068 Ipsum
404 2009 507 2066 lupanar
517 2005 673 2055 essetecisti?
698 2008 740 2052 tua
760 2009 870 2054 custodiri
886 2009 964 2056 uitale.
984 2009 1084 2054 lilinum
1104 2009 1237 2066 diriqautur

142 2074 256 2135 Denique
267 2077 320 2135 ipse
331 2075 392 2123 dicit
400 2075 520 2123 Dominus
527 2076 615 2122 lesus:
629 2076 674 2136 Qui
697 2078 740 2124 uioe
761 2090 817 2124 meae
834 2079 865 2124 od
883 2079 1043 2134 custodiendus
1053 2078 1238 2137 justificationes

142 2148 226 2195 uiderit
232 2148 391 2195 mulieremod
401 2147 604 2206 concupiscendum
611 2161 672 2204 eam,
698 2147 759 2193 luae.
779 2147 843 2192 Tune
859 2159 907 2193 nou
919 2146 1065 2204 condensior,
1082 2160 1142 2193 cum
1151 2145 1235 2206 perspi·

139 2217 193 2275 jam
211 2218 349 2264 adulteravit
360 2230 413 2264 cum
423 2218 449 2263 in
461 2218 528 2264 corde
542 2230 593 2264 auo.
604 2217 673 2264 Unde
698 2215 759 2260 eiam
769 2215 794 2261 a'a
805 2217 885 2262 omelia
898 2216 1013 2262 mandatu
1025 2217 1080 2262 tud.
1092 2217 1150 2262 Non
1160 2214 1234 2263 solum

142 2287 226 2332 tamen
241 2286 291 2332 mm
302 2285 431 2346 religiosus
446 2286 473 2332 in
486 2285 616 2346 opinione,
631 2286 673 2346 qui
698 2283 833 2343 mandasti,
855 2283 950 2343 inquit,
972 2283 1098 2330 custodiri
1121 2283 1234 2331 mandata

143 2354 193 2399 tam
203 2355 335 2413 probrosus
351 2355 378 2401 iu
389 2354 509 2402 crimine?
698 2352 754 2411 tua,
766 2352 894 2400 sedetiam
906 2352 1024 2400 custodiri
1035 2353 1127 2399 nimis.
1137 2352 1238 2412 Quando

173 2422 212 2468 lo.
225 2422 274 2469 Sed
287 2423 419 2482 adquiesco
433 2423 481 2470 tibi
492 2420 558 2483 quod
567 2424 638 2470 Jesus
648 2423 672 2470 to
698 2423 743 2468 lroe
751 2419 928 2469 rnandavitiln
935 2420 1048 2480 paradiso
1054 2423 1235 2480 quidem-man·

143 2490 206 2538 nolit
215 2491 314 2549 videre,
325 2492 390 2538 nolit
399 2492 545 2550 revincere,
557 2493 600 2551 qui
612 2493 673 2540 nolit
697 2490 764 2537 davit
774 2490 844 2548 Adae,
856 2490 886 2536 ut
894 2489 1028 2536 custodiret
1046 2489 1170 2538 mandata
1179 2504 1186 2536 r
1195 2489 1234 2537 scd

143 2571 259 2605 accusare
271 2573 278 2605 ε
290 2561 370 2606 nolint
388 2560 472 2605 vidore
484 2561 612 2619 etArrqeli.
625 2561 672 2607 Sed
697 2557 796 2604 tortasse
812 2570 862 2604 non
879 2558 1038 2605 mandaverat
1056 2559 1140 2606 nimis
1155 2559 1233 2607 custo·

143 2627 213 2674 videt
234 2627 360 2684 diabolus,
377 2627 420 2685 qui
443 2629 524 2672 tecum
547 2629 671 2688 introivit,
697 2625 763 2685 dire3
777 2627 802 2672 et
813 2627 868 2673 ideo
887 2627 968 2685 lapsus
979 2628 1032 2683 est,
1048 2626 1109 2675 ideo
1129 2628 1235 2675 innexus

142 2697 218 2743 immo
229 2697 272 2755 qui
283 2697 308 2742 te
320 2696 458 2743 introduxit
470 2710 476 2742 :
491 2697 576 2744 vident
586 2699 673 2745 minis-
697 2707 755 2740 vote
768 2695 880 2742 mulieris
897 2709 961 2754 suae,
973 2695 1031 2741 ideo
1046 2695 1234 2756 decepissent

144 2765 175 2812 tri
184 2766 251 2825 eius,
262 2766 304 2825 qui
317 2767 341 2813 te
354 2766 581 2826 circumdederunt3
593 2781 625 2814 no
637 2770 673 2815 vi·
697 2766 849 2822 aserpente,
861 2766 949 2822 putans
958 2764 1054 2823 quodsi
1065 2764 1093 2810 in
1107 2768 1181 2825 parte
1190 2765 1235 2812 ali-

62 2857 66 2865 ·
143 2836 215 2882 detes
226 2837 331 2894 Angelos
346 2836 392 2881 Dei
405 2836 487 2884 :vidit
503 2838 594 2896 Belial,
610 2838 673 2886 vidit
696 2847 743 2893 qua
761 2836 888 2882 recederet
903 2834 1054 2893 annuntiato,
1071 2848 1126 2883 non
1137 2837 1234 2897 penitus

143 2904 207 2963 legio
218 2906 261 2965 qui
272 2906 297 2953 to
310 2906 477 2964 impulerunt3
492 2919 524 2954 ne
535 2908 591 2966 quis
601 2921 672 2955 revo-
697 2904 804 2950 erraret:
817 2903 860 2950 sed
872 2903 930 2962 qnia
946 2903 1023 2949 semel
1035 2914 1049 2948 a
1060 2905 1158 2952 semita
1170 2916 1234 2951 man-

142 2976 219 3028 caret.
229 2976 325 3034 nequis
334 2976 441 3023 teneret.
450 2976 503 3022 Noli
513 2978 599 3036 putare
608 2978 673 3036 quod
696 2973 807 3019 datorum
818 2975 934 3031 recessit,
945 2974 1020 3020 lotam
1031 2973 1151 3022 deseruit
1161 2975 1233 3033 viam,

142 3044 610 3106 colludium“tilripraestetsilentiitqui
621 3048 673 3093 vult
697 3042 722 3088 et
740 3042 887 3101 exspoliavit
904 3042 1015 3088 omnibus
1034 3042 1234 3103 nudumquere-

696 3109 778 3168 liquit.
790 3110 847 3156 ideo
860 3111 991 3169 Dominus,
1000 3111 1060 3168 quia
1071 3111 1161 3169 lapsus
1170 3111 1234 3169 erat,

164 3173 173 3189 ⁸
181 3171 334 3219 subintellige,
344 3173 478 3214 diversorium,
488 3174 521 3211 vel
530 3173 635 3212 stabulum:
644 3173 673 3210 sic
696 3177 739 3235 qui
755 3177 780 3222 ip
796 3177 910 3235 paradiso
919 3179 980 3236 erat,
991 3179 1077 3236 posted
1088 3179 1118 3226 te
1132 3193 1179 3238 pel·
1189 3181 1234 3226 lh·

140 3227 672 3328 itini?llissiiiltallllltiti-'lili
696 3247 978 3305 ssefflrllll’ffll'hss‘ffir
996 3248 1233 3307 1³⁰¹EV³¹¹ss⁸¹i¹¹¹¹¹2

141 3330 203 3368 Unde
210 3333 315 3377 prostibula
322 3343 359 3369 seu
365 3335 479 3378 prostibulas
486 3336 576 3382 quidam
586 3338 675 3384 appella·
697 3326 741 3371 pel·
753 3316 878 3373 Aposmlffl
896 3315 1006 3374 m⁰¹¹¹¹it3
1017 3316 1047 3362 ut
1057 3316 1172 3363 nimium
1181 3329 1234 3364 ⁰¹¹³·

141 3387 171 3421 las
181 3384 257 3422 volunt
265 3410 271 3430 ,
279 3384 339 3431 quod
348 3397 383 3432 pro
394 3389 479 3433 stabulo,
491 3388 513 3425 id
525 3394 565 3436 est,
577 3395 625 3427 aule
633 3396 672 3429 sia·
696 3381 774 3429 iodids
783 3383 897 3429 mandata
908 3384 1007 3431 Domini
1018 3385 1066 3430 Dei
1074 3385 1126 3432 tui.
1141 3387 1232 3444 Olmie,

141 3437 221 3474 bulum
229 3442 316 3475 starent.
328 3440 452 3476 Meritorium
463 3445 557 3478 autema
570 3446 672 3484 merendo
696 3450 775 3508 inquit
807 3452 911 3498 verbum
927 3452 1032 3499 otiosum
1049 3453 1119 3512 quod
1138 3454 1234 3501 {ocutus

141 3492 232 3526 tucatur
241 3490 299 3536 quod
305 3494 385 3527 mereat
392 3518 398 3537 ,
405 3491 445 3529 hoc
454 3497 482 3530 est
491 3495 672 3543 pariatquaeslum
781 3484 789 3510 ²

141 3541 281 3580 dominosuo.
291 3543 340 3590 Quo
348 3555 409 3582 sensu
420 3545 492 3584 Horat.
505 3549 527 3584 tn
535 3549 583 3587 Arte
590 3556 639 3597 pret.
696 3517 785 3595 sileris,
806 3521 894 3567 reddes
912 3533 1007 3598 pr⁰.e⁰
1023 3521 1162 3569 'ationem'
1181 3521 1234 3570 Nou

231 3603 439 3644 nrcmereraerauou
448 3607 534 3646 Sostra...
578 3605 581 3612 ·
695 3584 848 3634 dissimulare
864 3601 871 3634 ε
889 3588 919 3634 ab
940 3589 1022 3647 aliquo
1042 3589 1166 3638 mandato
1185 3590 1234 3638 iou

141 3660 197 3698 Hinc
206 3662 270 3698 etiam
281 3666 404 3701 meretrices
413 3675 437 3702 ac
446 3667 624 3714 meritoriipneri
634 3678 672 3707 no·
695 3667 789 3712 unum,
805 3656 850 3702 ³¹st
872 3669 937 3703 ullus
953 3669 1018 3716 ²9⁰¹
1037 3669 1088 3703 ¹¹⁰⁰
1107 3659 1233 3717 Pl'ae‘tefite

141 3724 191 3750 rnen
200 3715 269 3751 sortiti
278 3725 284 3759 3
298 3715 348 3752 lieet
359 3719 478 3754 meritorium
492 3719 620 3768 quandoque
633 3720 672 3758 ho·
694 3724 747 3769 Npli
758 3724 874 3771 recedere
881 3725 911 3771 de
922 3725 972 3772 via,
980 3725 1004 3772 Si
1016 3725 1090 3773 invia
1100 3728 1236 3776 ambulans

141 3767 630 3867 ''r-¹sadriusstanin,,n
647 3840 671 3868 π
695 3793 852 3840 aarum
866 3794 1235 3853 adoraturumque

142 3876 241 3915 fraudem
249 3879 548 3926 signifieaircolludereenirn
558 3881 669 3925 dicuntur.
695 3862 764 3908 extra
778 3861 845 3909 Viam
859 3863 989 3921 vagantem
1001 3861 1148 3911 invenerit?
1168 3865 1236 3913 Diri·

141 3930 241 3978 quicum
254 3932 369 3970 videantur
384 3933 441 3970 inter
454 3943 475 3971 se
491 3935 620 3973 contendere
633 3943 671 3976 aui
695 3932 783 3990 gantur
793 3944 889 3990 gressus
896 3932 947 3990 tlli;
960 3932 984 3978 ei
994 3944 1024 3978 lle
1034 3931 1153 3981 infirmus
1163 3934 1237 3983 sisad

141 3985 670 4089 ilidii:lllllllllilldaidli'lllil
695 3998 1237 4061 desudavereurireemur

141 4089 669 4140 Vinciilalialur.Sedealraruseliarnlocumhnhet
695 4067 747 4115 vias
764 4066 827 4145 tuffs·

140 4144 322 4192 eucratadarum.
726 4136 762 4182 15·
774 4136 820 4183 ΗΝ
833 4136 916 4199 optat:
934 4138 1028 4188 Utinam
1038 4137 1183 4201 difflantur
1192 4143 1238 4190 m
