2760 4794
150 423 197 475 408
542 432 662 477 saucii
681 434 840 479 AMBROSH

149 509 251 569 moret,
269 508 303 556 ibi
317 507 383 557 dolos
396 508 489 570 neclit3
505 512 533 560 ut
550 513 635 572 illum,
654 514 674 560 si
702 514 751 561 nist
766 516 810 576 qui
824 513 917 574 iudicat
930 526 974 575 se,
994 515 1016 564 si
1035 514 1175 576 videatur,
1191 527 1239 566 esse

149 578 238 639 pessit,
254 578 377 625 excludat.
398 579 446 625 Ubi
461 580 543 628 autem
565 582 676 630 diabolus
700 583 857 643 placiturum.
876 583 905 630 et
918 584 1010 643 pulcre
1025 584 1113 644 dicit,
1132 586 1201 643 Vide,
1215 585 1237 632 et

148 647 287 706 praeliatur,
297 646 331 692 tbi
339 646 448 694 cbristus
458 648 558 696 adsistit.
567 650 613 696 Ubi
622 650 675 696 dia·
700 651 835 698 secundum
846 652 935 711 Legem
947 651 1029 713 dicit3
1043 652 1110 714 quia
1120 655 1173 701 Lex
1182 666 1236 714 pre·

145 714 220 761 <uolua
230 714 338 773 obsidet,
356 715 390 762 lbi
402 716 510 765 Christus
525 718 675 777 includitur,
700 719 780 778 cepit,
796 721 825 767 ut
837 720 1010 782 unusquisque
1025 722 1074 768 ter
1088 721 1119 768 in
1137 732 1197 768 auno
1212 732 1234 766 se

147 781 185 828 lbi
192 794 317 829 murorum
323 783 470 843 spiritalium
479 787 547 844 septa
555 785 674 834 defendit.
700 787 784 834 olierat
798 789 825 835 in
839 790 973 850 conspeetu
988 791 1112 838 Domini.
1130 789 1233 848 Quotidie

147 850 209 911 Ergo
219 851 262 910 qul
273 853 453 911 persecutorem
472 853 577 915 refugit,
593 854 676 912 rejicit
700 867 726 902 se
742 859 839 904 sanetus
853 857 936 916 offert,
952 859 1076 918 quotidie
1090 858 1233 919 apparet‚et

146 919 224 965 etiam
245 919 406 968 defensorem.
433 919 483 967 Sed
503 933 559 968 cum
585 923 676 969 audis:
699 934 848 972 nonvaeous
864 926 983 986 apparet3
1004 927 1231 974 nonesteoimra-

146 988 216 1034 idatii
232 992 405 1050 persequentes,
423 991 445 1036 et
468 989 603 1038 tribulentes
623 1005 674 1048 mc,
700 1004 773 1053 coos,
789 994 831 1055 qui
842 994 872 1041 de
882 994 1049 1055 plenitudine
1063 994 1124 1054 ejus
1139 994 1229 1053 accepit

146 1055 199 1103 noli
209 1056 314 1116 timere,
328 1059 370 1119 qui
381 1057 451 1119 potes
461 1057 544 1105 dicere
555 1075 562 1104 a
576 1061 602 1107 si
611 1062 675 1108 Deos
699 1060 750 1107 Non
762 1062 815 1108 orat
824 1075 916 1109 vacuus
925 1063 1025 1122 David,
1037 1063 1088 1122 qui
1100 1063 1137 1110 ait
1147 1076 1155 1108 a
1165 1063 1230 1122 nee

142 1137 190 1186 pro
201 1126 269 1176 nobis
275 1160 284 1185 ,
295 1129 346 1187 quis
363 1132 445 1180 sonim
459 1127 517 1181 eos?
526 1129 618 1173 Verum
629 1128 674 1174 boc
700 1131 878 1191 tumeatgoudie
886 1134 1046 1191 cancamum,-
1058 1131 1121 1192 quia
1129 1131 1228 1190 gaudium

146 1193 340 1256 dicitille,quia
348 1199 494 1248 testimoniis
501 1197 599 1246 Domini
606 1195 674 1243 nullo
700 1196 792 1245 tructus
802 1199 840 1246 est
853 1198 960 1259 Spiritus
970 1199 1069 1247 sancti.
1090 1200 1123 1247 ut
1131 1200 1193 1247 sicut
1204 1198 1229 1244 dc

147 1263 265 1311 vitiorum
276 1266 384 1314 declinat
395 1269 523 1317 amfractu.
699 1265 853 1323 plenitudine
871 1267 947 1315 Verbi
967 1281 1015 1316 uos
1033 1280 1129 1316 ornnes
1146 1267 1229 1327 accepi·

178 1332 549 1394 tii.se‹1uiturvcrsussextose
564 1333 618 1382 Vidi
626 1344 674 1379 ooo
699 1345 766 1391 mus,
781 1335 992 1396 quemadmodum
1008 1336 1082 1383 dixit
1098 1337 1228 1383 lohannes:

146 1405 262 1451 mantea
279 1407 387 1463 pactum,
404 1408 426 1453 ct
443 1405 585 1454 tabescebam
590 1417 598 1462 ;
615 1415 674 1462 quo-
699 1399 733 1446 iia
748 1400 822 1447 etlam
834 1402 939 1461 Spiritus
955 1405 1064 1451 sendus
1084 1403 1118 1450 de
1134 1402 1228 1463 plenilu-

145 1471 212 1518 nium
222 1471 293 1519 verbo
304 1473 345 1518 tea
355 1485 403 1519 noo
413 1474 575 1521 custodierunt.
585 1471 674 1517 Beatus
699 1467 756 1515 dine
768 1481 811 1516 sua
821 1471 927 1531 replevit
936 1471 1027 1518 orbem
1039 1471 1177 1519 terrarum.
1186 1471 1227 1518 dou

145 1538 186 1585 vir
196 1539 239 1599 qui
255 1540 281 1586 in
297 1539 397 1587 caritate
415 1540 460 1588 Dei
480 1539 597 1597 labescit3
616 1537 673 1597 quia
699 1537 751 1583 erat
761 1549 855 1586 vacuus
864 1540 1011 1598 Zacharias,
1022 1541 1074 1600 qui
1083 1540 1227 1600 repletusest

145 1606 216 1655 videt
225 1609 674 1668 nonservantespescenninum
698 1603 791 1666 Spiritu
804 1607 901 1666 sancto,
918 1607 944 1654 et
957 1608 1135 1668 prophetabat
1149 1609 1226 1656 adren-

145 1673 186 1719 ter
194 1674 294 1719 vitiosos
304 1685 398 1720 amores
409 1676 526 1733 tabescit,
539 1674 581 1734 qui
592 1671 673 1720 distit-
698 1673 751 1720 tum
761 1674 859 1721 Domini
868 1676 933 1722 Jesu.
950 1677 1007 1723 lton
1020 1678 1082 1725 erat
1092 1677 1182 1724 Paulum
1193 1687 1227 1722 ra·

145 1739 183 1788 lat
194 1739 251 1788 dum
269 1739 306 1788 est
317 1741 406 1788 dilatus
424 1753 506 1789 amore
518 1742 614 1789 dilecte
629 1739 673 1786 :et
698 1752 767 1799 euos,
778 1743 819 1800 qui
827 1742 1013 1802 evangelizabat
1021 1745 1054 1790 in
1068 1740 1226 1799 abundantii,

147 1809 206 1858 dom
226 1811 361 1872 protelatur
380 1810 505 1871 tlagrantls
529 1810 673 1870 cupiditatis
699 1811 724 1857 ct
731 1811 906 1871 repletoserat‚
915 1813 1046 1873 accipiens
1055 1812 1227 1862 oderembooa

147 1880 263 1940 allectus,
275 1880 371 1927 animus
381 1879 478 1938 delicit,
488 1879 555 1927 eires
565 1877 673 1938 corporis
698 1880 825 1927 suavitatis
836 1882 867 1927 ab
881 1880 1009 1941 Ephesiis,
1025 1882 1175 1942 placentem
1183 1876 1227 1928 ileo

146 1948 250 2009 quadam
260 1947 414 1996 doiormitate
424 1948 532 2008 palloris,
543 1947 673 1995 fessorum·
697 1947 811 1996 bostiam.
827 1949 878 1994 Non
889 1950 959 1996 erant
969 1949 1101 1997 Corinthii
1113 1948 1226 2009 vacatio

146 2028 196 2077 que
208 2018 306 2064 artuum
315 2016 372 2063 tabe
387 2013 671 2074 minuuntur.nliusqui
697 2015 786 2074 quibus
806 2015 944 2064 abundabat
964 2016 1013 2065 uei
1037 2020 1142 2079 gratia,
1164 2018 1226 2078 juxta

145 2084 277 2144 pecuniam
294 2084 457 2144 concupiscit,
473 2085 549 2131 donee
564 2083 673 2144 potiatur
697 2083 811 2141 ejusdem·
822 2085 928 2144 Apostoli
944 2085 1136 2135 testimonium.

147 2163 275 2212 ea,araro
285 2153 361 2200 miser
371 2153 474 2200 tabescit
489 2151 586 2199 atteelu.
605 2151 673 2198 Alius
727 2152 766 2198 et.
783 2152 1012 2214 offerebatseergo
1021 2154 1112 2203 David
1126 2153 1225 2217 quotidie
1261 2195 1264 2198 ,

146 2222 278 2271 immodice
289 2223 429 2282 capessendi
438 2222 536 2269 honoris
544 2221 673 2281 impatiens
697 2220 765 2279 Deo,
776 2222 802 2268 et
811 2234 860 2269 non
875 2235 969 2270 vacuus
980 2224 1123 2286 offerebat,
1138 2225 1179 2285 qui
1188 2236 1225 2284 pu

81 2286 85 2291 ’
146 2290 168 2338 sl
179 2290 299 2338 desideria
308 2292 379 2351 longa
387 2291 506 2353 suspiret,
517 2303 567 2338 non
581 2290 674 2337 medlo·
698 2289 762 2336 terat
777 2289 860 2338 dicere
872 2304 879 2337 a
890 2293 922 2340 Os
931 2304 1012 2340 meum
1026 2296 1132 2354 operui,
1141 2297 1163 2342 ct
1175 2294 1227 2341 daei

147 2359 183 2406 cri
194 2357 284 2406 meritis
293 2359 350 2405 tabe
358 2358 492 2405 couticitur.
503 2359 555 2405 lton
566 2357 622 2405 talis
630 2357 672 2417 qui
697 2360 812 2418 ma'mtem
824 2359 880 2408 ldeo
898 2372 955 2419 ergo
972 2361 1097 2411 dicebat=
1112 2365 1168 2412 Vide
1177 2364 1225 2424 qaia

146 2428 224 2476 dicite
237 2431 313 2490 ριιαω
323 2423 498 2477 dstobutt'eoro
508 2442 561 2476 meo
576 2430 601 2474 io
610 2431 673 2475 terro
696 2429 812 2487 precepto
822 2429 864 2475 too
874 2429 954 2475 dilexi.
968 2428 1034 2476 Audi
1050 2429 1081 2478 in
1096 2443 1144 2492 quo
1156 2431 1182 2478 te
1194 2429 1226 2478 ei·

147 2498 542 2559 eaeca,ueaoia,ecuaeoqoe;
553 2497 594 2544 hic
606 2497 672 2545 enim
698 2493 763 2540 terre
779 2495 868 2543 debeas
883 2496 988 2543 Christo.
1006 2498 1064 2544 lton
1082 2499 1111 2546 in
1125 2500 1164 2546 liis
1177 2510 1227 2559 que

148 2565 280 2624 castigabat
298 2577 396 2612 carnem
412 2566 501 2625 suain,⁸
511 2567 535 2629 el
544 2566 672 2614 'tabescere
698 2562 827 2623 videntur,
839 2564 881 2610 sed
889 2565 916 2611 in
924 2564 1045 2626 occultis,
1059 2569 1087 2615 et
1099 2569 1127 2614 in
1136 2569 1227 2615 abscon·

147 2633 266 2692 iaciebat,
278 2633 335 2679 dum
346 2634 467 2681 indefesso
479 2635 600 2681 desiderio
608 2635 673 2680 divi·
699 2632 761 2688 eit03
772 2633 800 2678 ut
809 2633 879 2691 pater
889 2636 944 2681 tuus
953 2634 999 2693 qui
1010 2634 1086 2682 videt
1098 2637 1124 2683 in
1134 2637 1226 2683 abscon-

147 2713 185 2749 uae
197 2701 348 2760 cogitationis
359 2701 481 2759 intentus,
494 2703 518 2748 et
530 2703 609 2748 lucem
622 2704 672 2750 dici
698 2699 762 2758 dito,
774 2701 860 2748 reddat
869 2702 929 2760 tibi,
942 2703 967 2748 et
976 2703 1082 2751 iidelem
1091 2704 1226 2752 remuneret

147 2769 251 2817 sollicita
261 2769 442 2828 exspectatione
452 2770 619 2830 praeveniens,
630 2783 672 2817 an·
698 2768 819 2831 allectum.
832 2773 963 2830 Praecepta,
984 2771 1087 2833 inquit,
1100 2778 1143 2822 tec
1152 2774 1226 2821 dilect.

145 2838 287 2885 telucanum
307 2837 402 2885 solvere
421 2838 524 2884 Domino
535 2837 636 2886 canticis
648 2840 673 2887 et
697 2837 748 2884 Non
757 2838 829 2896 dixit,
837 2840 1006 2887 serranianon
1015 2842 1096 2902 dixit,
1104 2843 1226 2900 custodiri

146 2907 244 2968 byrnnis
254 2905 371 2966 gestiebat
387 2906 538 2966 obsequium.
697 2917 752 2952 nam
761 2906 929 2966 imprudentes
935 2921 984 2955 non
993 2911 1228 2971 custodieruntpra·

175 2977 213 3024 55.
225 2976 336 3024 'labescit
346 2988 402 3036 ergo
410 2976 583 3036 virpaciiicus,
595 2989 672 3037 quan·
698 2976 768 3032 cepta
780 2975 887 3022 Domini.
905 2977 987 3035 Aliqui
999 2978 1070 3024 enim
1084 2979 1227 3028 codicesha·

146 3043 319 3093 doaliesvidet
328 3044 398 3103 pacta
410 3043 559 3102 rescindere,
569 3057 672 3092 consen·
697 3041 756 3089 hent
767 3041 930 3103 eminuisset,
941 3045 989 3092 hoc
1000 3046 1056 3106 est,
1070 3047 1226 3109 insipientes,

144 3126 216 3162 suurn
235 3114 332 3160 abolere
354 3112 521 3172 concordiam,
541 3113 619 3171 jurgia
641 3114 671 3161 de
696 3121 745 3157 non
758 3112 933 3173 intelligentes.
945 3115 1007 3173 Ergo
1018 3116 1067 3174 qui
1079 3130 1132 3164 non
1142 3117 1228 3164 intelli·

144 3195 205 3244 pace
220 3193 347 3241 reparare,
359 3181 385 3226 in
404 3180 524 3227 tumultus
542 3180 623 3226 redire
640 3181 670 3228 de
697 3180 770 3240 gunt,
786 3194 833 3228 non
845 3181 956 3240 sapiunt3
972 3182 1000 3228 hi
1013 3195 1066 3230 non
1083 3186 1227 3234 custodiunt.

143 3252 230 3313 gratia.
239 3250 309 3309 Quod
320 3249 406 3309 utique
417 3260 465 3295 non
481 3248 553 3306 tacit,
565 3249 608 3307 qui
620 3249 670 3294 Do-
695 3251 743 3307 Qui
751 3250 833 3297 autem
841 3250 965 3308 perlectus
973 3250 1013 3298 est
1024 3251 1171 3312 intellectu,
1178 3266 1227 3314 per·

143 3319 205 3366 mini
223 3317 344 3379 praecepta
355 3317 461 3364 custodit
472 3330 478 3362 ε
489 3328 538 3363 non
553 3316 612 3362 tacit
627 3317 670 3376 qui
696 3319 774 3365 iectus
788 3318 923 3376 sapientia,
935 3319 1032 3378 diligit,
1045 3323 1119 3380 quod
1136 3323 1226 3370 estam·

143 3386 213 3434 audit
223 3386 344 3433 dicentem
356 3398 363 3430 a
375 3388 461 3432 Pacem
470 3398 547 3432 meam
558 3385 669 3442 devotis,
696 3387 760 3445 plius
777 3399 849 3446 quam
867 3387 1002 3446 custodire3
1018 3392 1150 3440 custodire
1166 3391 1225 3439 eoin

139 3466 222 3517 pecern
242 3465 320 3500 necem
339 3453 443 3510 relinquo
458 3453 530 3499 vobis.
549 3453 611 3510 Ergo
626 3455 669 3512 qui
695 3455 847 3502 necessitatis
859 3455 1006 3514 plerumque
1015 3459 1072 3517 est,
1087 3460 1115 3506 et
1124 3460 1224 3507 timoris:

142 3522 240 3582 pactum
251 3521 346 3578 servat,
357 3519 379 3566 is
388 3519 475 3566 christi
487 3519 571 3566 obedit
588 3520 670 3580 impe·
696 3523 798 3582 diligero
811 3524 928 3571 caritatis.
942 3525 1055 3573 Custodit
1069 3529 1115 3586 qui
1130 3541 1227 3586 orange·

142 3589 188 3639 riis
199 3603 206 3635 a
216 3589 257 3648 qui
269 3589 350 3634 autem
361 3598 411 3633 uon
421 3589 515 3645 servat,
528 3587 569 3634 ille
580 3589 668 3636 Christi
695 3591 753 3638 lizat
761 3605 768 3636 a
777 3591 821 3638 sed
832 3592 874 3651 qui
884 3592 967 3637 volens
979 3595 1157 3654 evarrgelizat,
1168 3608 1226 3642 rner-

141 3659 262 3721 praecepta
273 3655 420 3714 contemnit3
433 3656 457 3703 et
467 3656 531 3715 quod
539 3657 611 3716 peius
622 3657 667 3719 est,
695 3661 780 3706 codem
788 3659 891 3719 accipit3
900 3659 991 3719 quanto
999 3662 1080 3719 magis
1088 3667 1133 3723 qui
1143 3665 1227 3724 diligit,

142 3727 266 3786 comperta
276 3724 386 3783 fastidit,
401 3725 426 3771 et
435 3725 546 3784 negligit.
694 3728 808 3775 mercede
826 3726 941 3774 donaturi
955 3728 1094 3778 Possumus
1105 3733 1173 3780 enirn
1184 3744 1227 3778 nou

172 3793 210 3842 dle.
227 3792 343 3853 Sequitur
352 3804 437 3838 versus
452 3793 571 3852 septimus
587 3806 594 3839 a
611 3795 668 3842 Vide
694 3806 776 3842 amare
795 3796 860 3854 quod
878 3796 1005 3842 volumus:
1026 3809 1080 3845 non
1102 3813 1229 3860 possumus

141 3866 199 3925 quta
214 3863 329 3924 precepto
340 3863 382 3907 tuo
397 3861 482 3918 dilexi,
498 3863 598 3908 Domine
616 3876 625 3908 .·
642 3863 668 3908 tu
694 3864 758 3910 nollo
769 3864 960 3923 quodamamus.
976 3863 1028 3910 Sed
1038 3871 1160 3925 quamvis
1170 3882 1229 3916 mer·

140 3933 297 3981 misericordie
307 3933 349 3978 tuo
359 3931 448 3988 vivifico
458 3943 503 3977 oisc.
515 3931 559 3976 llic
570 3943 667 3991 quoque
695 3931 779 3978 uellem
789 3931 904 3990 periectas
920 3930 1032 3980 caritatis
1042 3942 1193 3999 exspectet,
1207 3940 1230 3983 ct

141 4001 230 4050 inuitat
241 3999 389 4057 Dominum,
405 3999 433 4045 ut
443 3999 542 4058 plenum
558 3997 668 4046 caritatis
694 3998 856 4046 miserationis
870 3998 960 4046 divinae
973 4000 1124 4060 scodragiuni
1139 4007 1233 4066 poscit,

141 4081 192 4118 suo
198 4069 291 4131 spectet
299 4068 423 4116 oitecloor.
431 4067 507 4114 derne
515 4066 591 4128 elicit,
601 4069 667 4128 Vide,
693 4068 721 4116 ut
729 4067 753 4115 io
763 4079 792 4116 ca
805 4067 966 4115 viviticelura
978 4064 1100 4125 lioniirua
1112 4077 1166 4124 lton
1177 4089 1232 4135 crgo
