2752 4784
150 381 197 429 gna
541 382 845 430 sancrrnnaaosn

150 449 269 510 lionorum
277 460 390 510 deferunt
398 475 406 521 3
415 460 556 510 mandatum
566 464 676 512 ostentm
701 464 840 511 nominatus
856 463 893 512 est
905 461 936 511 ab
946 472 976 511 eo
990 461 1017 511 in
1028 475 1077 524 quo
1088 463 1227 527 gigneretur

151 531 248 578 Domini
268 543 275 576 e
291 533 392 579 Adtende
412 532 467 589 tibi,
486 545 515 580 ne
532 535 677 593 derelinquas
700 532 762 580 loco.
774 533 834 579 Sunt
849 533 932 580 autem
945 531 989 592 qui
1001 533 1151 591 putaverint
1166 539 1227 590 insa.

149 600 359 659 lenitemperomne
368 603 507 661 temptuque
516 605 602 649 umeris
609 615 678 661 nuper
701 601 749 646 lam
764 600 900 662 nuncupari
918 599 1040 659 Topaziou
1056 601 1089 648 ad
1104 617 1180 663 qnam
1190 620 1228 670 ap.

150 668 318 726 emenonis
334 669 371 715 cst
386 670 432 716 iste
443 667 547 716 levites!
557 669 677 728 intelligis
700 669 783 726 pulsos
800 668 975 730 Troglodytas,
994 669 1050 716 orta
1064 668 1151 721 subito
1169 688 1228 725 cam-

150 734 170 780 si
183 735 321 781 consideres
331 736 387 796 quis
397 736 429 783 sit
439 736 483 783 ille
494 736 537 797 qui
550 736 619 783 venit
629 736 677 782 mi·
701 736 807 783 motione
828 737 967 797 maritima,
988 749 1020 784 eo
1040 740 1110 797 quod
1134 745 1228 795 navium

149 801 269 861 nistrare,
279 804 321 863 qui
338 805 450 852 sacerdos
461 805 499 852 est
510 806 536 852 in
547 806 675 852 aetemum.
701 816 772 851 usum
779 817 830 852 nou
837 806 967 864 haberent,
972 806 1073 864 regredi
1080 812 1227 869 nequivisse,

150 872 222 919 Aliud
240 873 382 920 mandatum
400 875 434 922 ait
449 887 456 921 ς
472 876 565 923 custodi
576 887 675 922 messem
701 872 796 920 Deinde
811 874 917 933 plurimo
932 874 1098 924 immorantes
1109 879 1228 944 tempore,

149 952 276 998 namnum,
288 943 309 988 et
326 942 397 1001 facies
413 944 500 1002 peseto
510 945 611 991 Domino
627 945 676 989 Deo
700 939 726 985 in
738 941 824 1005 insula·
833 942 958 990 invenisse
973 941 1104 1002 lapidem,
1118 946 1145 993 et
1154 948 1229 999 delec-

150 1009 199 1053 tno.
210 1008 239 1054 ut
250 1008 313 1055 infra
325 1011 369 1056 :ln
380 1011 429 1059 loco
440 1024 508 1070 quem
521 1013 613 1071 elegerit
626 1012 676 1057 Do-
699 1007 761 1056 talos
773 1011 853 1059 colore
867 1010 920 1068 ejus
937 1010 1071 1069 repetiisse
1083 1013 1198 1077 domum,
1208 1023 1230 1070 et

149 1079 364 1126 minusDcusfnus
378 1081 577 1127 inoocorinomen
591 1092 674 1134 sunm,
700 1076 786 1125 Arabis
816 1077 1010 1136 negotiatoribus
1042 1079 1230 1137 advenientibus

149 1145 182 1192 ibt
203 1149 289 1195 occides
308 1148 395 1208 pascha
409 1162 500 1208 vespm
519 1149 549 1195 ud
569 1160 675 1194 occasum
700 1146 857 1194 vendidisse:
870 1147 901 1193 ab
917 1146 969 1192 illis
987 1146 1080 1196 emisse
1091 1151 1229 1216 Philonem,

149 1215 243 1262 sofista
263 1219 363 1276 tempore
380 1229 426 1276 quo
444 1218 515 1263 existi
530 1218 557 1263 de
567 1218 675 1275 AEqspto.
701 1214 773 1261 etad
791 1218 894 1263 matrem
912 1215 1041 1262 Ptolomaei
1058 1222 1179 1283 secundi,
1194 1228 1229 1274 eni

77 1300 81 1305 ·
150 1281 210 1341 Ergo
217 1285 328 1331 mandata
334 1285 379 1331 Dei
388 1282 575 1332 habentfuturae
583 1285 678 1331 redem·
700 1293 789 1330 nomen
801 1285 854 1331 erat
863 1283 994 1343 BerenIce,
1005 1284 1039 1330 ab
1050 1285 1106 1345 ipso
1116 1302 1171 1339 esse
1180 1307 1230 1354 per.

150 1350 224 1400 tionis
237 1352 341 1410 indicia,
357 1353 542 1401 resurrectionis
558 1353 677 1413 insignia3
701 1349 796 1397 latum:
809 1352 876 1398 illam
887 1352 970 1399 autem
984 1356 1103 1411 quamvis
1114 1363 1230 1420 regalibus

150 1419 206 1466 ideo
217 1433 290 1480 super
300 1434 386 1469 aurum
401 1423 426 1470 et
436 1423 548 1482 topazion
559 1422 678 1468 memorat
701 1419 851 1466 ornamentis
868 1419 1020 1479 abundaret,
1042 1434 1120 1483 supra
1140 1430 1229 1478 modum

149 1488 197 1534 sibi
209 1501 262 1537 esse
273 1492 372 1537 dilecta.
381 1492 445 1550 Quid
457 1493 524 1538 enim
535 1492 614 1539 salute
625 1502 679 1549 gra·
702 1486 784 1533 tamen
800 1487 880 1534 colore
893 1487 946 1545 ejus
960 1488 1145 1554 stupefactam,
1157 1499 1231 1547 elabo-

149 1555 214 1613 fius,
222 1559 401 1606 resurrectione
410 1557 556 1618 pretiosius?
702 1566 768 1603 rasse
778 1558 806 1604 111
818 1557 912 1605 diutius
922 1558 1019 1616 11111118
1027 1561 1080 1606 tam
1091 1566 1193 1622 pretiosi
1200 1569 1231 1617 la·

178 1620 217 1669 10.
230 1625 275 1669 Vel
286 1625 343 1682 quia
357 1639 412 1683 quae
423 1627 498 1674 stulta
509 1626 565 1673 sunt
574 1626 677 1684 mundi,
702 1626 767 1686 pidis
781 1637 831 1672 non
841 1626 930 1672 lateret
941 1638 949 1670 a
966 1625 1076 1687 ideoque
1087 1633 1171 1682 studio
1183 1637 1231 1696 ejus
1270 1651 1273 1658 ¹

149 1689 259 1736 Christus
270 1692 517 1752 elegit3utqnoniam
527 1694 678 1753 persapien-
702 1692 832 1751 quaesitum
852 1692 975 1754 lapidem,
996 1693 1026 1741 iu
1041 1709 1103 1747 usus
1122 1701 1232 1765 frequen.

149 1754 210 1803 tiam
221 1757 327 1805 mundns
339 1770 387 1804 non
403 1760 516 1817 cognonit
531 1761 623 1817 Deum,
634 1772 678 1817 per
703 1760 778 1807 tiores
789 1761 897 1809 venisse.

150 1823 279 1871 stultitiam
291 1825 472 1885 predicationis
480 1828 583 1875 salutem
596 1827 676 1874 adfer·
733 1825 774 1875 ti.
784 1829 898 1876 Diximus
914 1829 1037 1888 quemme
1048 1833 1187 1891 innotuerit
1199 1843 1232 1892 ω.

150 1891 190 1939 rot
208 1893 378 1954 credentibus,
397 1896 505 1956 ideoque
524 1898 559 1945 ait
577 1910 585 1943 a
601 1899 679 1958 Super
703 1896 789 1955 1111ῑί011
804 1897 879 1957 lupis,
890 1909 956 1944 nunc
974 1905 1166 1958 expressimus
1184 1911 1232 1971 eius

149 1961 294 2021 sapientiam
301 1965 449 2024 operationis
455 1968 570 2026 coelestis,
577 1968 602 2014 et
609 1981 678 2015 mnn—
702 1965 821 2022 qualitate
834 1966 951 2013 dicamus.
959 1966 1074 2019 Duorum
1084 1977 1232 2028 colon-umere

150 2030 219 2078 danae
228 2033 448 2091 corastitutionis,et
455 2048 529 2095 super
536 2040 678 2084 ornamenta
703 2033 729 2078 iu
747 2033 794 2080 hoc
817 2035 899 2095 lapide
916 2033 1010 2100 κρᾶσις,
1032 2039 1080 2088 boc
1100 2046 1154 2104 est,
1171 2060 1234 2106 quo·

149 2099 208 2146 solis
228 2101 254 2146 et
271 2102 350 2159 lunae,
373 2104 550 2164 stellarumque
571 2107 678 2165 pretiosa
703 2101 900 2161 damtcmperata
911 2108 1060 2164 permixtio.
1070 2110 1233 2172 Dpeeoatm·et

150 2169 260 2227 monilia,
269 2169 346 2217 dilexi
354 2172 536 2220 obaudientiam
544 2175 678 2222 Dominicae
702 2170 821 2229 chrysopa
835 2172 923 2219 similis
939 2176 1102 2238 chrysopraso
1109 2181 1140 2240 ⁴⁸,
1151 2197 1233 2232 secum-

150 2239 278 2296 passionis.
297 2240 353 2287 Plus
374 2241 441 2288 enim
457 2242 600 2290 redimendo
617 2244 677 2290 mihi
702 2238 760 2285 dum
779 2242 913 2299 utrumque
928 2246 999 2293 velut
1016 2249 1140 2306 quasdam
1152 2254 1233 2301 extan-

150 2306 264 2364 contulit‚
275 2320 347 2367 quam
356 2310 539 2369 creand03tune
547 2312 613 2358 enim
624 2313 678 2360 sine
702 2306 763 2354 (leus
774 2309 882 2355 colurum
890 2309 987 2372 figuras,
995 2316 1021 2362 et
1029 2317 1130 2375 plenius
1138 2321 1232 2380 quide!

77 2391 80 2403 ,
150 2385 222 2421 sensu
232 2376 305 2423 natus
319 2390 387 2437 gum,
400 2390 465 2424 nunc
482 2392 538 2426 cum
550 2381 678 2429 voluntate
703 2375 818 2435 aperitis
836 2376 916 2424 fertur
931 2382 1079 2432 extendere.
1096 2388 1140 2436 Est
1156 2392 1232 2438 autem

150 2444 270 2490 servatus.
293 2444 342 2492 Sed
365 2459 414 2493 non
429 2447 578 2509 quicumque
596 2449 677 2497 dicit:
702 2446 843 2506 parichrus,
863 2449 890 2495 et
907 2449 1061 2512 11111111111111
1076 2469 1083 2502 =
1099 2458 1233 2520 1111111110-

149 2509 230 2555 Dilent
240 2513 352 2559 mndata
367 2515 409 2560 tuo
420 2527 489 2574 snper
499 2529 598 2573 eumont,
611 2520 633 2563 et
643 2520 679 2563 lo-
703 2514 791 2574 cbrus,
801 2515 826 2562 et
837 2516 949 2576 pinguis,
958 2524 1132 2581 resplendenti
1141 2528 1232 2586 similis,

148 2578 242 2631 pagena,
254 2578 306 2623 Non
319 2579 380 2626 dicit
396 2593 496 2640 anastas,
509 2584 551 2641 qut
565 2597 623 2631 auro
639 2587 679 2632 in.
703 2583 809 2630 maxime
828 2597 884 2631 cum
903 2586 963 2633 solis
974 2591 1109 2649 splendore
1128 2598 1233 2655 percuti·

148 2643 237 2700 cubat,
248 2644 343 2692 divitiis
353 2647 445 2706 inhiat,
459 2652 602 2697 ornamenta
613 2652 678 2700 desi·
702 2649 799 2698 tur-Est
807 2652 881 2699 eiiam
889 2656 1073 2713 pulcherrimus
1084 2664 1110 2709 et
1118 2665 1232 2712 mirabilis

149 2709 233 2758 derat:
243 2710 285 2758 sod
294 2712 337 2759 ille
348 2713 422 2773 dicit,
432 2716 474 2774 qni
486 2718 566 2774 potest
575 2719 657 2768 dicere
670 2736 676 2768 :
702 2731 775 2778 super
783 2733 867 2769 omnes
876 2723 1050 2785 chrysoprasos
1056 2732 1230 2794 magnitudine,

149 2778 277 2837 Argentum
285 2783 307 2827 et
317 2794 403 2828 aarum
410 2796 458 2829 non
466 2784 553 2846 lrabe05
562 2790 677 2846 quoniam
702 2789 727 2833 et
738 2787 766 2834 ut
787 2790 838 2835 dixi
849 2821 856 2848 ‚
868 2791 923 2837 visu
940 2793 1068 2853 pinguior.
1081 2800 1174 2848 Natura
1190 2803 1231 2849 hu-

148 2859 196 2894 non
206 2849 505 2910 requiro,quoniamnihil
516 2857 579 2903 mihi
589 2870 676 2907 aurum
700 2856 819 2918 jusmodi,
836 2859 865 2905 ut
879 2861 900 2906 si
917 2861 996 2920 polire
1015 2867 1043 2913 et
1057 2868 1169 2928 levigare
1180 2884 1230 2919 enm

148 2916 246 2976 prodest
258 2930 266 2964 a
277 2920 428 2980 praeceptum
444 2924 526 2971 autem
542 2928 567 2973 et
577 2929 677 2975 manda·
701 2927 777 2984 velis,
788 2929 916 2985 1110161111
927 2932 1017 2991 magis,
1033 2935 1061 2982 et
1081 2950 1129 2984 usn
1145 2940 1231 2988 minui·

148 2987 200 3032 fum
212 2988 312 3035 eoeleste
323 3002 363 3039 me
379 2991 494 3040 redemit.
702 2995 749 3040 tur.
769 2996 810 3041 Est
820 2998 904 3044 autem
915 3000 1020 3058 quodam
1033 3006 1139 3063 genitali
1155 3021 1229 3069 opem

128 3097 135 3114 ,
177 3051 216 3102 11.
239 3056 353 3104 Diximus
378 3060 555 3108 continentiam
578 3076 676 3126 sensus,
701 3065 793 3111 natnrae
809 3067 960 3127 euglyphus,
978 3070 1024 3118 hoc
1045 3076 1098 3134 est,
1116 3077 1181 3126 bene
1195 3080 1229 3126 in·

148 3136 214 3170 nunc
232 3124 263 3172 de
285 3127 381 3185 topazio
404 3128 485 3188 lapide
511 3131 677 3190 exprimamus
701 3132 816 3192 signitus,
829 3135 902 3193 alque
913 3135 1035 3186 mirabills
1045 3155 1052 3187 ι
1063 3144 1090 3190 et
1101 3147 1130 3192 nt
1140 3160 1229 3194 summo

148 3191 282 3240 historiam.
291 3196 327 3241 De
344 3207 391 3254 qno
404 3196 543 3245 invenimus
558 3202 676 3260 scriptum
701 3200 780 3247 studio
793 3201 880 3260 dignus
891 3203 1039 3266 baberetur,
1048 3210 1151 3260 difficile
1166 3215 1229 3262 iure·

148 3259 496 3325 inhistorlaXenocratis',qui
505 3267 675 3328 scripsitquasi
701 3269 785 3320 nitur:
805 3271 830 3316 et
844 3272 969 3331 repertus,
982 3288 1038 3323 raro
1049 3279 1135 3328 tamen
1149 3283 1175 3329 in
1188 3295 1228 3331 usu

146 3326 323 3387 lithosnomon,
344 3332 410 3378 nasci
427 3345 485 3379 eum
504 3336 545 3381 nel
567 3335 675 3384 inveniri
701 3338 829 3384 hominum
846 3340 897 3397 est,
909 3342 979 3399 quasi
989 3342 1011 3391 is
1022 3357 1100 3404 quem
1112 3350 1182 3400 dines
1195 3362 1228 3399 re·

147 3393 211 3439 circa
222 3396 355 3443 Thebaidis
372 3400 498 3448 civitatem
508 3403 675 3464 lllabzrstrum,
700 3404 756 3462 glun
767 3405 854 3452 mirata
865 3407 905 3453 sit·

108 3514 112 3520 .
146 3461 188 3507 vel
196 3463 329 3522 Topazion,
338 3466 367 3512 nt
377 3467 453 3526 aliqui
465 3471 640 3529 putant3unde
651 3473 676 3520 et
697 3503 1227 3535 -----.-..,

147 3543 680 3571 Ἢ·-
726 3549 736 3570 *
746 3551 883 3619 Πρασοιδης,
895 3564 917 3602 ds
926 3565 1003 3602 couleur
1012 3567 1035 3605 de
1044 3580 1134 3615 porrus.

138 3573 142 3626 f
162 3588 674 3661 ‘liancputamushisloriamxcnocratimedico,
721 3612 738 3630 “⁸
753 3612 859 3663 Cinneam,
878 3619 939 3658 aurei
955 3620 1038 3658 coloris.
1056 3643 1077 3651 -
1092 3625 1225 3674 Chrysopms,

145 3651 184 3689 qus
200 3651 256 3678 circa
271 3641 334 3680 len
345 3649 439 3695 tempora
452 3648 537 3697 floruli,
550 3655 674 3709 adtrilnaen-
699 3666 774 3704 eoloris
789 3672 850 3708 aurei
867 3683 918 3711 cnm
940 3674 1030 3720 porrlno
1048 3677 1118 3716 mixti.
1135 3679 1226 3727 stupro

148 3694 200 3733 uam,
217 3695 279 3744 Quod
293 3702 364 3736 aufem
380 3703 405 3740 do
416 3704 552 3756 'rroglodytls
566 3712 673 3761 subditur,
698 3720 834 3769 chrysopraso
848 3726 922 3764 ferunt
936 3727 1069 3774 chrysopolim,
1080 3733 1155 3778 gallice
1168 3731 1226 3770 nent

146 3749 168 3787 fd
177 3749 239 3786 etiarn
250 3760 275 3786 ex
283 3749 347 3814 Plinii
356 3753 419 3792 citato
428 3757 473 3820 loco
484 3760 573 3807 petitum
583 3768 609 3801 esi
620 3777 624 3805 ς
637 3768 673 3804 noi
699 3785 720 3809 nn
730 3786 759 3822 or,
768 3780 786 3812 el
796 3777 852 3815 forle
862 3782 950 3827 melius,
959 3782 1019 3828 quod
1027 3792 1106 3832 nempe
1115 3786 1223 3835 chrysopa.

146 3807 217 3841 famen
227 3813 269 3842 non
279 3803 342 3848 Plato.
351 3808 387 3847 sect
400 3808 494 3851 l‘lnlomo
503 3816 604 3854 eumdem
619 3820 673 3868 lapi-

146 3859 194 3894 dem
205 3861 345 3896 nrernoratur.
356 3860 422 3899 Porro
433 3865 554 3917 Troylodytas
563 3882 587 3908 ex
600 3874 672 3912 eodem

146 3909 214 3946 Plinio
223 3909 321 3948 discimus
330 3910 444 3961 AEllriopiec
458 3921 545 3966 pnprrlos
558 3924 619 3962 firi-so
633 3928 672 3963 ad·
699 3932 772 3969 tillarer
782 3954 801 3961 -
808 3936 876 3984 Infra,
883 3937 994 3984 parisinus.
1002 3940 1024 3977 id
1034 3945 1064 3978 esf
1078 3946 1131 3989 porti
1139 3943 1223 3987 coloris.

118 3978 119 3981 ¹
146 3963 236 4001 modum
248 3965 405 4015 lrarharos‚qui
415 3969 437 4005 in
448 3975 549 4018 nunninus
560 3988 600 4014 non
613 3981 672 4029 longe
697 3983 739 4019 sii-e
755 3985 828 4034 albus,
846 4000 857 4026 a
874 3991 1020 4030 marmoribus
1038 3992 1088 4031 Puri
1107 3995 1222 4033 insulteita

146 4017 243 4057 suumn
256 4021 309 4057 mari
320 4020 445 4060 habitarent.
698 4037 770 4075 (lictus.

699 3827 756 3872 piscis
764 3829 878 3879 lapidisque
886 3835 968 3880 pretiosi
976 3845 1043 3881 genus
1053 3838 1138 3881 (demde,
1148 3843 1224 3886 tapso).

700 3880 785 3917 vidntur
794 3884 952 3930 quodammodo
964 3892 1083 3936 squammis
1092 3892 1163 3930 aureis
1173 3893 1225 3929 sein·
