2760 4794
480 441 602 489 suberi
618 442 780 488 dunnoslt

252 703 298 767 IN
319 704 526 769 nselmum
548 709 728 772 xxxvnl
751 708 1016 771 manuario.

568 877 676 914 TITULUS
687 879 694 912 t

312 1000 345 1038 iri
354 1000 445 1037 Fruar!
454 999 504 1038 PRO
515 1000 638 1039 IDITHUM
647 1000 846 1041 cannabum!
856 1003 948 1042 baril).

123 1261 182 1312 tire
189 1259 314 1322 superiore
320 1259 413 1320 psalmo
419 1271 536 1319 expressa
544 1258 621 1306 iorma
645 1260 734 1320 batur,
751 1259 816 1320 quod
830 1259 953 1310 Christum
974 1261 1002 1310 ln
1018 1274 1045 1310 se
1062 1261 1180 1314 locutum

90 1332 243 1393 poeniteutiae
251 1331 302 1377 esta
311 1329 339 1376 in
346 1329 393 1376 hoc
400 1328 513 1387 sequenti
523 1327 621 1388 patien-
645 1340 698 1375 esse
708 1329 847 1389 retinebat,
858 1331 887 1376 ut
896 1342 953 1377 oum
963 1329 1041 1390 aliqui
1057 1331 1082 1378 ei
1091 1332 1180 1382 ment

8 1400 11 1405 '
90 1399 135 1448 tia
160 1399 238 1447 torma
258 1397 375 1456 signatur.
393 1397 474 1453 Quom
499 1397 621 1454 psalmum
645 1396 855 1455 molesti,eteum
866 1396 897 1443 ad
905 1397 1087 1447 contentionem
1096 1400 1181 1449 laces·

91 1467 174 1516 Dauid
192 1465 305 1524 scripsit,
321 1464 347 1512 et
356 1463 464 1510 idithum
480 1463 535 1510 uiro
546 1463 621 1510 disei-
644 1475 698 1511 sere
709 1466 870 1525 conarentur,
881 1466 1027 1525 patientiam
1044 1467 1179 1530 indueret,

91 1535 169 1598 plhris
178 1533 285 1584 leviticis
292 1534 317 1581 et
325 1531 516 1580 sacerdotalibus
524 1532 621 1579 erudito
645 1533 755 1581 certandi
772 1534 853 1582 studia
866 1534 1014 1594 declinaret,
1035 1536 1181 1596 exquibus

91 1603 231 1652 eruendum
238 1600 364 1660 dedit,qui
374 1600 620 1647 antearcamDomini
645 1597 724 1647 inanis
744 1601 862 1660 strepitus
883 1602 909 1650 et
927 1602 1007 1662 iurqia
1030 1602 1180 1663 trequentes

91 1673 241 1734 psalmorum
249 1670 342 1718 ‘serium
354 1666 477 1728 pangendi
493 1668 620 1716 solertissi·
645 1666 765 1715 oriuntur.
785 1667 892 1728 ideoque
911 1682 968 1716 cum
988 1671 1072 1718 sancto
1092 1670 1180 1721 David

90 1751 147 1787 mus
156 1738 313 1798 praecinebat.
322 1735 445 1795 Erqoqula
452 1747 502 1783 nou
513 1735 620 1783 idithum
645 1736 756 1794 plerique
765 1735 817 1794 ejus
828 1737 962 1785 virtutibus
972 1738 1121 1800 invidentes,
1128 1739 1179 1801 qui

91 1807 193 1867 scripsit
207 1807 273 1854 huuc
291 1806 427 1867 psalmum,
441 1804 484 1852 sed
498 1804 619 1864 propheta
645 1817 703 1851 eum
723 1805 754 1852 de
775 1806 900 1866 proposito
917 1807 1128 1868 mansuetudinis,
1148 1809 1179 1858 ot

91 1875 186 1934 David,
199 1875 225 1922 et
237 1874 345 1922 idithum
360 1874 414 1921 viro
424 1867 527 1920 canendi
538 1873 619 1932 perito
644 1872 792 1920 humilitatis
805 1873 895 1921 alieetu
909 1875 1038 1923 crederent
1054 1876 1179 1927 diducen-

67 1934 71 1944 ’
91 1944 247 2006 psallendum
263 1941 346 2001 dedit;
365 1941 420 1988 ideo
435 1940 472 1987 sie
487 1938 620 1999 inscriptus
644 1939 867 2000 dum,irequenter
878 1941 1179 2003 ingruerentsipsaequo·

92 2013 236 2060 esttitnlus.
248 2010 362 2069 Denique
375 2009 449 2056 etiam
461 2008 620 2056 insaeculari·
644 2021 692 2067 qne
712 2010 837 2069 praecipue
857 2011 975 2070 nequitia
1000 2012 1124 2071 spiritales
1146 2011 1177 2061 in

90 2081 139 2128 bus
153 2079 250 2138 scriptis
265 2078 308 2125 alii
324 2077 394 2124 erant
407 2075 450 2136 qui
465 2075 619 2134 scribebant,
644 2077 801 2136 coelestibus,
812 2078 929 2127 adversus
938 2092 999 2139 quas
1009 2080 1178 2140 praecincta·

90 2147 135 2195 alii
146 2148 190 2209 qui
202 2147 229 2193 in
239 2157 312 2194 scena
322 2145 362 2193 vel
374 2143 469 2192 cantica
479 2143 520 2191 vel
531 2155 619 2190 comoe·
644 2157 703 2193 men
718 2145 756 2193 est
764 2145 850 2204 justis,
861 2147 893 2194 ad
904 2148 1105 2196 commovendum
1115 2161 1178 2198 oum

90 2213 617 2274 diaereltraqoediascanereconsueverant.
644 2214 1177 2279 ministrossuaeimprobitatisimpolterenta

89 2286 121 2332 Et
129 2284 167 2331 illi
177 2284 277 2344 quidem
287 2293 400 2331 eoronam
408 2280 554 2340 olympicam
564 2293 619 2340 pos·
643 2296 675 2330 ue
691 2284 758 2331 inter
773 2284 969 2344 obstrepentium
989 2286 1074 2335 erebra
1094 2288 1179 2336 certu-

58 2342 60 2346 ”
89 2352 220 2410 tulabant;
242 2351 309 2402 unde
335 2352 361 2400 et
384 2343 479 2393 ὶπινικιον
498 2348 618 2407 hymnum
644 2351 1179 2410 mina,etdiseeptationumtumultussormo

89 2432 175 2468 eorum
188 2420 278 2479 scripta
288 2419 315 2465 iu
326 2417 374 2465 tine
386 2416 524 2464 testantur:
539 2415 619 2462 Dauid
644 2419 733 2477 aliquis
741 2420 787 2468 sibi
798 2420 1084 2483 oiiensionisexcideret,
1090 2425 1179 2475 tacere

89 2488 174 2535 autem
192 2487 235 2547 qui
252 2498 301 2546 uon
320 2484 373 2532 haee
392 2484 458 2531 serta
475 2494 619 2529 coronarum
644 2489 741 2534 sanctus
750 2488 872 2547 Propheta
888 2491 1022 2550 proposuit.
1032 2491 1051 2537 0
1062 2491 1178 2541 validum

89 2555 254 2604 marcentium
268 2552 423 2613 requirebat3
433 2550 477 2598 sed
492 2550 561 2597 illam
579 2550 619 2596 in·
644 2557 742 2602 scutum
750 2556 933 2616 circumspectae
944 2558 1088 2606 munitionis
1098 2561 1178 2609 silen-

90 2623 276 2685 corruptibilem
286 2622 312 2668 et
318 2619 532 2667 incontaminatam
538 2630 619 2665 remu·
645 2623 721 2671 tiumt
737 2626 756 2672 0
771 2626 915 2674 lidissimum
933 2627 1073 2676 stabilitatis
1084 2628 1178 2678 tunda-

88 2694 245 2742 ucrationum
253 2688 389 2737 coelestium
396 2687 566 2735 hereditatem
576 2687 618 2746 pio
644 2692 755 2739 mentum
763 2726 772 2753 ,
781 2694 807 2741 in
817 2707 865 2754 quo
876 2694 897 2742 si
907 2694 964 2756 quis
973 2695 1084 2755 potuerit
1092 2697 1176 2757 stare,

87 2759 243 2809 desiderabat
259 2753 491 2813 adeetu,hymuum
501 2766 550 2801 non
566 2755 618 2802 vie·
644 2760 768 2809 lubricum
775 2762 846 2809 rerbi
856 2762 945 2811 timere
953 2775 1002 2810 nou
1009 2764 1176 2823 possibiliultt

87 2827 159 2875 toriae
184 2820 292 2880 ἔπιναιον;
319 2822 363 2870 sed
383 2821 409 2868 ei
432 2821 550 2882 scripsit,
573 2823 616 2882 qui
643 2830 710 2877 enim
730 2830 805 2877 etiam
822 2831 905 2877 stabili
924 2832 996 2879 eorde
1016 2831 1177 2892 firmamin-

87 2894 217 2943 victoridm
234 2891 262 2938 in
275 2904 302 2938 ⁸0
317 2890 475 2938 ssedtlltiblss
489 2890 617 2950 impertit·
642 2900 707 2946 cauti
721 2900 818 2959 tamen,
834 2901 953 2947 sermonis
969 2901 1113 2949 fluctuantis
1130 2914 1176 2951 er-

87 2961 188 3021 estqui
196 2961 296 3008 tiuisest
305 2959 412 3007 omnium
421 2959 525 3019 quaepia
533 2962 616 3008 mente
641 2980 696 3015 rore
722 2980 786 3028 saepe
807 2969 960 3016 ceciderunt.
976 2970 1069 3018 videus
1095 2971 1176 3030 ipsus

87 3027 388 3090 ‘stlititcimiss-Siveenim
397 3027 543 3087 sapientiam
551 3042 615 3088 iluae·
641 3037 780 3095 hujnsurodi
797 3037 893 3091 insidiis
907 3041 933 3086 et
946 3051 1009 3087 rano
1025 3040 1175 3089 concertan-

87 3110 141 3158 rus,
152 3097 204 3145 sire
215 3097 300 3145 virtuti
310 3095 421 3156 studeas,
439 3095 491 3143 sive
502 3097 614 3158 veritati,
641 3104 703 3151 tium
714 3105 820 3165 strepltu
830 3119 856 3154 se
865 3107 985 3166 Propheta
995 3108 1096 3166 tentari,
1104 3108 1174 3160 intra

86 3165 198 3215 sireuiae
209 3165 282 3233 atque
291 3164 410 3224 iustitias,
420 3164 473 3212 sive
489 3177 615 3214 resurrec·
640 3184 665 3219 se
683 3173 735 3231 ipse
750 3174 839 3221 tacitus
855 3174 1009 3235 conferebat,
1029 3177 1110 3234 legem
1120 3177 1175 3226 sibi

85 3233 164 3293 tioui,
182 3234 209 3280 in
225 3233 339 3281 omnibus
355 3232 402 3280 tibi
420 3233 559 3292 sequendus
577 3236 615 3282 est
639 3240 816 3295 taciturnitatis
827 3242 957 3302 imponens
969 3259 976 3291 r
989 3245 1014 3292 et
1027 3257 1083 3292 cum
1099 3246 1174 3295 tace-

40 3345 43 3351 .
86 3300 408 3360 Christus,qui.estvirlus
420 3301 467 3348 Dei
483 3303 557 3362 atque
575 3315 614 3348 sa-
639 3309 1175 3371 ret,insultautibnssibi,etutloqueretur

85 3370 195 3432 pientia,
210 3369 313 3428 veritas,
331 3368 388 3427 uia,
403 3369 514 3429 justitia,
530 3383 614 3418 resur·
638 3375 732 3432 aliquid
756 3378 958 3439 provocantibus3
985 3381 1067 3439 qualia
1087 3381 1174 3432 solent

85 3438 173 3486 restio
184 3437 221 3485 Ad
236 3449 309 3496 quem
325 3436 399 3495 igitur
410 3438 554 3496 contendas,
564 3439 613 3487 uisi
638 3441 796 3489 insolentium
811 3456 864 3491 esse
876 3446 1010 3499 certamina
1021 3449 1096 3507 atque
1112 3461 1171 3497 ser-

85 3507 118 3555 ad
128 3504 303 3566 perfectionem
311 3506 433 3564 omnium,
445 3520 613 3567 summamque
638 3521 724 3556 moues
737 3523 744 3554 t
756 3512 884 3570 Responde
894 3515 979 3572 nohis,
991 3515 1053 3562 side
1066 3517 1173 3575 aequali·

84 3571 223 3621 uirtutum?
233 3572 261 3618 Et
272 3572 326 3619 ideo
336 3573 382 3619 tibi
400 3574 475 3621 dicit:
490 3576 550 3622 Veni
557 3607 565 3631 ,
577 3589 613 3622 se·
638 3577 687 3623 tate
699 3579 825 3634 praesumis
841 3592 847 3624 τ
860 3581 930 3629 vides
941 3583 965 3628 et
976 3584 1003 3629 tu
1016 3596 1068 3630 esse
1076 3585 1101 3630 te
1114 3584 1173 3633 vie-

85 3655 154 3701 qscere
165 3653 216 3698 me,-
228 3641 273 3686 boc
283 3640 334 3699 est,
343 3641 372 3689 ut
381 3641 411 3691 ad
424 3641 613 3687 consummatio·
638 3645 700 3702 tum,
709 3647 734 3692 et
744 3646 806 3691 nihil
816 3648 907 3695 habere
918 3650 983 3709 quod
994 3651 1100 3711 referas3
1110 3666 1173 3705 cnm

83 3706 612 3766 uemvirtutumperveniremerearisAErgo
637 3724 663 3758 se
682 3725 758 3772 prope
777 3713 808 3760 ad
826 3728 913 3762 vocem
931 3719 1049 3764 conviciis
1067 3720 1173 3773 videret

83 3776 127 3836 qui
138 3776 248 3834 seqnitur
257 3777 394 3833 Christum,
406 3776 486 3833 ipsum
498 3788 542 3834 pro
558 3790 613 3836 pos-
637 3781 747 3840 impelli,
760 3783 850 3842 seipse
863 3786 1004 3845 revocabat,
1014 3785 1041 3834 ut
1051 3788 1171 3848 loquere.

85 3844 203 3898 nihilitate
221 3858 265 3892 sua
282 3843 356 3891 dohet
373 3842 480 3902 imitari,
501 3844 528 3891 ut
549 3859 613 3904 prae·
638 3849 714 3896 turin
726 3849 808 3899 corde.

85 3912 158 3971 cepta
174 3914 228 3970 olus
244 3923 328 3959 secum
347 3911 400 3969 ipse
418 3911 568 3974 meditetur,
586 3917 612 3963 ct
666 3919 690 3963 5.
704 3919 775 3974 Diui,
788 3920 922 3967 Custodiam
938 3923 987 3969 cios
997 3925 1108 3982 roeos3ut
1119 3937 1172 3974 stou

86 3977 224 4026 divinorum
235 3978 349 4036 exempla
360 3975 489 4025 factorum.
636 3981 768 4045 delinquam
783 3988 808 4033 s'o
824 3988 904 4047 thequa
914 4003 975 4035 meo.
984 3992 1058 4037 Posui
1067 3993 1105 4036 ori
1114 4005 1172 4041 meo

107 4044 141 4098 ,2.
151 4047 180 4096 st
194 4046 250 4097 ideo
261 4043 341 4092 David
352 4055 433 4093 secum
446 4044 497 4106 ipse
508 4047 612 4098 medita·
637 4053 780 4113 custodiam
793 4054 848 4102 doru
859 4057 961 4105 consistit
966 4060 1073 4118 peccator
1084 4059 1174 4125 odom,
