2760 4794
140 392 185 441 tlt
546 393 666 440 saecri
680 392 840 440 Alltlosll

141 474 241 539 ngtne
249 510 257 535 ,
264 474 317 523 sire
327 474 443 524 Ecclesia
450 477 606 535 propagatio,
616 487 672 535 spe·
693 476 757 534 fitius
765 488 845 532 neus,
854 471 1163 533 inquitate-dumis
1172 472 1243 520 m

140 544 181 593 cic
187 544 288 605 quidem
296 544 420 604 tamquam
430 555 506 590 mann
514 544 615 591 artificis
622 546 672 592 tor·
695 544 754 591 nitri
761 546 861 591 nortem
865 556 911 603 pro
918 546 952 601 lc,·
962 553 1060 587 muner
1068 543 1175 588 ntur-a
1185 542 1239 599 pic-

140 612 232 675 quibus
251 612 388 672 adornatis,
399 625 458 659 vere
473 615 558 659 antem
572 613 673 662 virtutis
695 613 865 672 1⁸³,on
883 610 1029 669 immemor,
1049 610 1084 657 ds
1102 623 1161 670 quo
1180 612 1239 658 arlo

142 681 280 743 insignibus
300 680 453 741 spiritalibus
473 680 586 730 cervices
609 681 672 730 lido-
695 678 1015 741 qualritzemmlcltr

140 750 205 799 lium
216 749 351 797 coronavit.
726 750 766 797 23.
780 751 811 797 st
825 749 925 797 tortasse
939 747 1105 808 quarendum
1123 747 1180 805 sit,
1190 758 1239 806 qa

172 820 211 867 ls.
221 818 332 878 lienique
342 818 394 867 tota
401 818 448 866 lata
455 817 586 880 descriptio
595 833 673 869 mem-
696 818 791 865 ratione
799 818 856 865 ante
863 815 1239 877 puemmdixitpostoefiliu

142 888 241 937 brorum
250 888 364 935 Ecclesiae
374 888 446 947 plena
456 888 584 936 desumet
594 890 673 939 laudis
696 886 832 934 damnarit
849 900 856 931 :
872 898 917 932 cor
933 897 984 932 uon
1001 884 1030 931 ia
1047 885 1177 943 utraqu,
1194 883 1239 931 aut

143 957 191 1005 uc
210 956 268 1002 liam
288 955 314 1002 et
334 955 465 1003 umbilicus
480 956 536 1014 eius
549 957 672 1017 tamquam
697 967 803 1013 puerum
819 953 898 1010 dixit,
912 953 955 999 aut
968 948 1070 998 suma
1079 951 1107 998 sl
1118 951 1239 1010 vireret,

142 1022 224 1071 crater
233 1023 354 1071 tornatilis
363 1024 525 1083 predicatur,
535 1025 613 1072 mixto
624 1038 673 1072 non
697 1034 759 1081 puer
769 1023 838 1079 emt;
853 1021 913 1081 quia
925 1020 1060 1080 parricidio
1073 1019 1184 1079 petebat
1193 1032 1237 1079 pa-

144 1090 313 1152 deliciens3co
323 1092 387 1153 quod
397 1093 424 1140 in
432 1093 498 1140 omni
506 1093 617 1141 doctriua
624 1096 673 1141 tor-
697 1095 771 1139 trem.
780 1091 832 1137 lt’on
840 1102 897 1148 ereo
907 1088 1008 1148 pietatis
1014 1100 1109 1135 nomen
1116 1088 1236 1147 accipere

143 1162 233 1221 nctus,
242 1160 398 1223 plenitudine
410 1162 570 1223 cognitionis,
581 1163 674 1224 etpotu
698 1159 817 1219 debebat,
833 1157 880 1206 sed
898 1157 1057 1204 mlirmitatis.
1068 1156 1185 1216 ideoque
1198 1156 1237 1205 rir

143 1242 196 1279 noa
214 1230 313 1277 detlclat
328 1230 435 1290 spiritali
452 1244 460 1277 ε
477 1233 504 1279 et
518 1234 605 1281 venter
620 1232 673 1290 ejus
695 1225 1052 1289 iustosquodreligionisluit,
1063 1225 1237 1286 tacuit3quod

144 1310 196 1347 nou
206 1301 285 1347 solum
296 1311 384 1347 acervo
395 1300 487 1359 tritici,
503 1301 529 1348 id
543 1303 596 1361 est,
612 1302 674 1349 cibis
699 1296 860 1354 infirmitatis,
879 1295 1009 1354 adspersit.
1032 1295 1084 1342 Ubi
1104 1307 1172 1342 vero
1198 1298 1236 1343 est

144 1364 287 1417 lenioribus
297 1368 404 1416 coelestis
416 1369 527 1429 mysterii
535 1371 673 1430 saginetur,
698 1368 822 1423 mortens,
837 1363 902 1424 apud
921 1365 991 1425 pium
1005 1363 1106 1422 patrem
1121 1375 1236 1422 persen

144 1437 308 1485 verumetiam
316 1436 440 1498 nmquam
451 1437 510 1485 liliis
518 1439 674 1498 quibusdam,
699 1436 792 1484 crimen
816 1433 927 1492 deiecit,
952 1434 1047 1480 naturas
1072 1444 1171 1480 nomeu
1194 1446 1237 1481 re-

145 1504 276 1553 moralium
288 1506 407 1553 suavitate
417 1507 552 1566 repleatur.
699 1505 796 1552 mansit.

176 1570 217 1619 lt).
227 1572 296 1620 Unde
316 1573 342 1619 et
360 1572 412 1631 ipsa
424 1574 546 1632 tamquam
557 1573 675 1621 beneme-
727 1571 766 1619 ii.
777 1571 912 1632 Sequiturr
929 1571 1016 1620 Libero
1026 1583 1065 1618 nc
1080 1585 1099 1619 o
1110 1572 1236 1620 ωδωίι

146 1638 196 1689 rita
204 1639 288 1699 regina
299 1639 388 1687 Christi
403 1641 521 1698 maraine
532 1642 674 1699 coronatur,
699 1642 836 1702 bominum
853 1644 881 1688 ιιι
897 1643 1026 1688 mous
1041 1642 1164 1688 mndata
1184 1644 1234 1689 luc.

146 1708 212 1759 slcut
225 1708 344 1768 scriptum
358 1710 414 1755 est:
430 1710 462 1756 Et
477 1712 575 1756 oreatus
593 1711 675 1768 capitio
699 1711 835 1756 Neronum
845 1721 923 1769 genus
930 1709 1065 1756 estnostrae
1074 1708 1234 1756 afflictionis:

146 1779 184 1827 tut
196 1778 256 1825 sicut
269 1790 383 1837 purpure.
399 1775 502 1836 Sanguis
512 1776 601 1824 christi
616 1790 675 1836 pur-
700 1778 738 1824 est
753 1778 779 1825 et
796 1778 916 1835 tentatio,
931 1778 1010 1825 estet
1024 1777 1176 1824 calumuiu
1192 1777 1235 1825 sed

147 1856 210 1907 pura
220 1845 272 1904 est,
281 1845 325 1905 qui
335 1844 414 1893 inlicit
423 1847 561 1892 sanctorum
569 1846 675 1905 animas,
700 1846 803 1894 tentatio
822 1847 915 1905 levior,
928 1846 1051 1892 calumnia
1069 1847 1187 1906 gravior3
1200 1848 1235 1895 ai·

147 1926 200 1963 nou
222 1914 300 1961 solum
325 1913 406 1962 colore
433 1914 609 1979 resplendens,
632 1916 676 1962 sed
700 1913 801 1974 quidem
815 1913 922 1961 tentatio
932 1910 1238 1975 potestessecalumnia,

148 1982 225 2031 mam
242 1983 382 2042 potestate3
397 1983 455 2044 qula
474 1995 545 2042 reges
560 1983 636 2042 lacit,
651 1986 676 2031 et
701 1982 824 2029 calumnia
839 1981 866 2028 in
882 1994 910 2029 se
924 1982 951 2029 et
964 1981 1131 2029 tentationem
1148 1983 1234 2032 babel.

147 2051 265 2099 meliores
279 2064 362 2111 reges,
377 2052 468 2115 quibus
484 2063 587 2112 regnum
603 2051 677 2100 donet
701 2053 741 2099 Est
752 2050 1236 2112 ethumanateutatio,quamiorrepos·

148 2121 278 2171 arternum.
701 2133 785 2167 sumus
796 2133 803 2165 r
815 2120 940 2167 calumnia
955 2120 1038 2167 autem
1051 2121 1135 2179 araris
1146 2123 1196 2169 est.
1207 2122 1237 2168 et

179 2188 219 2235 ll.
241 2185 377 2249 lleritoqoo
397 2186 543 2235 adtentum
563 2187 677 2235 Ecclesiae
701 2189 1236 2250 ideoltominus,qnaesunteraviorasusce·

149 2254 278 2315 decorem,
290 2256 329 2303 eui
340 2256 429 2304 timisti
443 2256 541 2316 mugnis
555 2255 676 2313 irrutilat,
700 2260 752 2319 pit,
775 2260 801 2307 et
818 2259 948 2306 calumniis
964 2258 1090 2319 opacitas
1105 2259 1236 2308 silentium

148 2322 255 2385 Spiritus
262 2325 359 2372 sanctus
366 2326 503 2372 exclamat:
513 2327 589 2386 ριιανη
594 2326 678 2385 potero
702 2326 792 2375 detulit
799 2326 962 2386 triumphale,
971 2327 1097 2374 mlumnla
1107 2330 1194 2376 autem
1206 2342 1236 2377 eo

149 2395 172 2441 ct
181 2394 259 2441 coreb
267 2393 331 2452 foeta
339 2407 376 2450 cs,
384 2395 486 2450 coritas,
494 2395 519 2440 iu
527 2394 611 2441 deliciis
619 2393 678 2441 tutat
701 2396 797 2457 gravior
807 2396 858 2454 est,
870 2394 988 2456 quianon
1002 2395 1082 2442 solum
1094 2396 1156 2444 laisa
1168 2411 1236 2446 com-

149 2459 236 2507 Pulera
252 2459 340 2507 decore
350 2459 461 2519 virtutis,
475 2460 557 2507 suavis
565 2459 679 2518 iucundi·
702 2465 772 2525 ponit
782 2478 789 2511 ε
799 2465 962 2513 verumetiam
969 2478 1024 2525 quas
1033 2464 1077 2524 pie
1084 2467 1153 2524 gesta
1161 2470 1236 2526 sunt,

149 2528 200 2575 tate
208 2527 304 2588 gratiae,
316 2528 458 2576 remissione
469 2530 595 2588 vitiorum,
605 2543 677 2589 quam
701 2535 824 2582 decolorat
836 2548 843 2580 ε
855 2537 884 2582 ut
898 2535 988 2593 ioseph
1002 2546 1052 2581 non
1066 2536 1147 2583 solum
1164 2538 1237 2584 adul·

150 2597 220 2643 nulla
232 2597 305 2643 vexat
317 2597 453 2642 amaritudo
464 2597 558 2654 peccati
571 2610 577 2642 :
590 2600 678 2656 etipsa
703 2603 760 2650 terii
776 2604 899 2649 oblatione
911 2604 1019 2650 tentatus
1033 2604 1084 2663 est,
1101 2607 1127 2652 et
1141 2606 1237 2653 invita-

148 2667 200 2724 J‘am
214 2665 316 2722 caritas,
328 2679 381 2724 opum
392 2665 515 2723 diligendo
529 2667 623 2724 Deum,
640 2667 680 2725 lp·
702 2670 785 2716 ruelrto
802 2671 890 2717 herilis
906 2671 1048 2718 illecebrae:
1065 2675 1237 2722 verumetiam

150 2734 202 2782 slus
223 2735 249 2781 et
269 2746 358 2781 nomen
380 2734 519 2795 acceperlt3
541 2735 599 2796 quia
616 2739 678 2785 Deus
702 2738 811 2786 tentatus
829 2739 972 2799 calumniis,
993 2741 1146 2800 composito,
1169 2743 1238 2802 quod

150 2805 289 2852 caritorcst.
703 2809 754 2869 ipse
763 2808 910 2854 adulterium
920 2809 1023 2857 dominae
1030 2823 1080 2856 suae
1089 2810 1186 2858 inferre
1194 2825 1238 2859 vo·

181 2872 220 2919 22.
237 2870 313 2919 liceto
329 2883 386 2932 ergo
403 2871 484 2918 David
501 2871 565 2932 petit
584 2885 679 2933 gressus
703 2878 803 2936 luisset,
815 2878 1053 2937 comprehensusque
1064 2881 1168 2926 exuerit
1179 2894 1237 2928 ves·

150 2953 207 2989 suos
224 2940 298 3001 dirigi
316 2941 451 2988 secundum
465 2941 566 2988 verbum
579 2944 639 3001 Del3
653 2944 679 2989 ut
703 2947 804 3003 tem3ue
813 2945 1042 3005 iraudlsindiclum,
1051 2949 1127 3005 atque
1136 2949 1237 3009 insigne

151 3008 210 3059 stant
221 3010 246 3059 et
256 3007 304 3070 ipsi
315 3008 433 3070 speciosi,
446 3010 472 3057 ot
481 3023 530 3057 uon
541 3011 679 3058 dominetur
704 3015 813 3062 criminis
824 3015 950 3061 teneretur
964 3028 971 3063 :
983 3028 1039 3063 cum
1053 3016 1141 3076 utique
1158 3022 1237 3067 amic·

152 3080 176 3129 el
188 3080 304 3141 iniquitas
314 3094 320 3126 :
332 3093 405 3139 quam
415 3079 470 3138 jure
478 3082 602 3141 precavit.
613 3082 680 3128 Scio·
704 3086 754 3129 tum
767 3083 822 3129 ideo
831 3083 928 3142 lugiens
939 3084 1082 3143 reliquerit,
1093 3087 1123 3132 ut
1134 3088 1237 3146 laqueos

150 3150 193 3197 liat
207 3150 274 3198 onim
287 3149 311 3196 ot
327 3149 448 3196 Abraham
459 3162 554 3207 gressus
569 3162 625 3196 suos
641 3162 680 3196 se·
703 3152 755 3198 vim
776 3150 919 3210 inferentis,
942 3151 967 3198 et
984 3165 1064 3200 nexus
1079 3154 1237 3204 illecebrosae

152 3220 259 3267 cundum
273 3220 395 3278 praecepta
406 3219 505 3265 Domini
517 3218 679 3278 dulgentem,
704 3220 762 3267 artis
782 3220 908 3267 evaderet.
925 3222 980 3281 lpse
1001 3222 1081 3268 David
1107 3227 1237 3286 senserat,

152 3288 178 3335 et
187 3287 296 3346 appetito
306 3287 511 3346 speciosmuxoris
521 3286 614 3346 pudore
628 3289 680 3335 ten·
704 3290 768 3349 quod
783 3289 893 3336 timebat.
909 3291 1003 3348 Quibus
1017 3292 1084 3338 enim
1093 3292 1154 3339 Saul
1168 3297 1238 3355 regis

151 3357 247 3413 mlum,
258 3354 355 3400 sednon
366 3354 513 3401 contusum:
531 3355 557 3402 ot
571 3356 597 3400 in
612 3356 680 3402 unici
704 3359 832 3406 calumniis
847 3360 982 3406 laboravit!
994 3361 1136 3408 Perterritis
1153 3365 1238 3412 omni-

150 3421 319 3469 immolotioue
327 3420 372 3466 lilii
380 3420 509 3480 postulata,
517 3420 602 3480 patriae
613 3435 682 3468 men·
704 3429 763 3486 bus,
773 3428 891 3487 allophyli
903 3428 1022 3487 impetum
1032 3429 1101 3487 lusit,
1112 3434 1139 3478 et
1150 3432 1238 3492 singu-

152 3487 186 3535 tls
201 3488 293 3545 pietate
310 3487 444 3545 luctatum,
463 3487 506 3534 sed
520 3489 678 3535 coronatum:
704 3498 749 3543 lari
760 3497 895 3545 certamine
908 3511 1028 3545 summam
1039 3499 1113 3558 bem,
1123 3504 1150 3549 et
1159 3503 1238 3552 totius

151 3568 290 3618 aequoque
306 3555 332 3602 in
348 3556 429 3603 lurore
442 3556 617 3616 Saul,incestu
626 3561 681 3606 dm·
704 3567 783 3626 praelii
791 3566 885 3627 pondus
894 3568 1002 3627 excepit,
1014 3569 1106 3617 virtute
1114 3584 1160 3618 sua
1168 3573 1238 3620 ,0103

151 3638 215 3686 non,
236 3625 366 3673 Abessalon
383 3625 528 3687 parricidio,
545 3627 680 3687 iniquitatis
705 3647 832 3682 commune
851 3635 945 3682 crimen
965 3635 1095 3696 refellens,
1113 3639 1141 3685 et
1159 3640 1239 3687 totius

152 3696 271 3757 improbar
282 3694 400 3742 toralibus
414 3695 594 3743 tentationibus
605 3710 681 3758 appe-
704 3704 848 3762 retorquens
868 3702 895 3749 iu
925 3704 1020 3751 hostem
1041 3706 1121 3763 plebis
1145 3720 1240 3767 oppro-

153 3765 228 3816 tttum
236 3798 243 3823 ,
252 3765 297 3813 troc
308 3765 359 3812 solo
370 3764 475 3813 evasisse
482 3798 490 3823 ,
498 3766 563 3825 quod
573 3765 681 3826 dirigens
704 3771 797 3830 brium;
810 3772 836 3818 et
846 3771 929 3818 tamen
940 3772 998 3832 quia
1007 3771 1149 3829 juvenculae
1161 3776 1238 3823 dixe-

152 3847 249 3895 messus
257 3847 312 3882 suos
320 3834 454 3882 secundum
466 3835 584 3895 pietatem
596 3837 681 3883 Domi·
704 3841 776 3885 runt:
787 3840 844 3887 soal
853 3840 1002 3899 triurnpbooit
1010 3842 1035 3886 ia
1041 3841 1152 3898 millibus,
1159 3845 1238 3890 David

153 3900 213 3958 ui,a
224 3903 382 3961 paternouon
392 3903 606 3950 recussitalloctu:
617 3905 680 3952 intra
704 3910 728 3953 irc
746 3909 821 3954 docem
841 3909 960 3964 racidibus,
979 3909 1055 3967 gloria
1071 3908 1097 3954 in
1113 3909 1238 3958 invidiam

153 3981 181 4017 se
190 3982 287 4030 gemens
299 3972 393 4019 crimen
405 3973 502 4031 incas,
511 3985 525 4018 a
535 3985 561 4018 se
569 3973 681 4031 relegans
704 3988 787 4034 versa,
800 3975 856 4022 odio
868 3976 943 4034 caepit
953 3976 1044 4035 urgeri.
1056 3976 1087 4022 at
1097 3979 1125 4024 ut
1138 3978 1170 4024 de
1181 3987 1239 4037 pos-

154 4036 211 4086 odia
224 4039 359 4100 parricidae.
374 4041 448 4088 Filius
461 4053 525 4088 rarus
538 4041 679 4102 Abessalon,
704 4043 834 4092 tertoribus
842 4046 984 4104 loquamur:
995 4045 1240 4111 Susaunabenesib't
