2760 4794
357 413 390 454 ill
405 412 566 455 Psannuln
579 411 691 457 valll
706 414 893 458 uxuoslnlo.
1114 413 1162 462 599

36 549 40 556 Ι
79 487 149 548 quasi
164 486 187 536 fs
202 486 245 548 qui
257 488 391 548 plurimum
401 490 562 549 laboraverit,
572 490 607 536 ibi
634 492 659 536 io
670 491 914 555 fomoeecfflictioats.
926 492 1026 541 Latinus
1034 492 1160 554 discernit,

78 558 128 604 sibi
140 557 232 605 dimitti
246 560 347 617 peecata
355 559 491 618 desiderat,
502 559 544 606 bic
555 559 609 606 erui
633 569 725 615 graecm
733 570 784 606 nou
792 560 1035 619 separatzremooee
1044 564 1070 610 et
1079 564 1160 610 huml-

83 637 110 673 se
120 628 245 686 precatur.
633 625 689 672 litas
699 626 905 685 virtutisdicitur,
912 630 937 675 et
944 628 1071 677 humilitas
1080 631 1159 679 afflic-

109 694 133 742 a.
145 693 267 742 Constitue
282 694 389 753 aliquem
402 695 554 743 sacerdotem
565 708 608 755 pro
634 692 715 739 tionis.
725 694 791 740 Nilril
802 695 905 754 impedit
915 696 936 742 si
947 696 1038 744 latinus
1048 701 1158 759 separat3

78 761 186 810 ministri
196 764 274 810 salute
282 763 430 823 sollicitum,
438 777 512 823 quem
522 765 609 824 proba·
633 773 682 819 nou
697 762 763 809 enim
774 775 865 822 graecus
877 777 910 810 ex
927 765 1003 813 latine
1018 766 1158 827 transtulit,

78 831 133 877 tum
142 830 253 879 advertat
263 833 315 878 Deo
326 845 333 878 a
345 832 608 892 aliquempatrempro
633 830 676 877 sed
685 831 777 878 latinus
788 845 913 892 exgraeco.

78 897 130 945 illio
149 899 176 944 iu
194 899 339 958 aegritudine
366 900 497 947 constituto
519 901 606 959 gravi:
663 898 1159 960 itlieniqucetllebraeiqnamdiuiulli-

78 967 183 1027 aliquam
194 968 310 1016 feminam
320 969 361 1016 vel
372 982 416 1027 pro
429 969 492 1028 lilio,
506 971 547 1016 vel
563 983 608 1028 pro
632 968 706 1026 qypto
714 969 828 1028 eranam
834 968 930 1015 fornace
938 971 1007 1017 erant
1013 969 1158 1029 ferrea,hoc

79 1035 132 1081 viro
143 1037 269 1094 moestam,
279 1036 430 1083 orationibus
438 1036 607 1095 incubantem,
633 1039 683 1094 est,
702 1037 834 1085 infernace
848 1037 1005 1095 tentationis,
1020 1037 1046 1083 in
1060 1037 1160 1086 fornace

78 1101 222 1150 fundentem
228 1104 317 1150 uberes
327 1105 446 1163 lacrymas
456 1104 569 1151 noctibus
579 1118 607 1152 ac
632 1101 786 1162 afflictionis,
795 1103 924 1150 cumduris
934 1102 1101 1162 affligerentur
1111 1105 1159 1150 im·
1230 1114 1234 1118 ·

77 1168 180 1228 diebus,
194 1171 366 1218 humiliantem
379 1184 405 1217 sc
417 1184 445 1217 ac
458 1173 607 1220 sternentem
632 1171 1160 1232 perlis.UndeetscriptumestzQuiocdusit

78 1238 350 1297 selo,multiplicantem
357 1238 460 1297 jejunia,
466 1237 607 1298 et'quedbis
632 1252 669 1287 ecs
680 1242 742 1287 Deos
753 1243 780 1286 de
791 1242 885 1299 fornace
896 1241 987 1299 senec,
1005 1253 1035 1286 eae
1050 1243 1158 1298 AEpypto.

77 1306 178 1363 gravius
187 1308 237 1363 est,
254 1307 425 1365 meutisatque
437 1307 512 1353 animi
524 1307 606 1356 dolore
633 1307 1159 1367 Fornaxeratferrea,quianulliusadbuciu

78 1372 229 1433 confectam,
240 1375 318 1421 morbi
327 1388 355 1422 ac
372 1376 477 1434 periculi
490 1376 606 1424 dilatione
631 1375 935 1434 AEqyptooperavirtutum
947 1376 1021 1434 plena
1029 1374 1159 1432 lucebant,

78 1440 217 1498 torpentem
232 1442 315 1489 dicere
332 1443 363 1489 ad
384 1443 517 1490 Dominum
529 1457 536 1490 a
549 1447 607 1494 Viae
632 1442 1159 1501 nultiusaurumillicineratcomprobatum,

79 1506 233 1556 humilitatem
242 1524 319 1558 oseam
326 1543 334 1567 ,
346 1514 368 1559 et
378 1526 432 1558 erue
442 1526 488 1559 mc.
632 1511 725 1558 nullius
739 1512 868 1570 plumbum
882 1511 1021 1570 iniqnitatis
1032 1512 1158 1557 exustum.

110 1575 134 1622 9.
147 1577 356 1626 Consideraetiam
366 1580 423 1638 quia
434 1581 538 1639 spiritali
547 1593 607 1640 quo·
632 1580 699 1626 Dura
708 1577 808 1640 fornax,
825 1580 911 1627 fornax
921 1581 1006 1627 mortis
1014 1579 1157 1638 perpetuae:

78 1641 133 1689 dam
144 1645 198 1692 olco
206 1648 527 1707 coelestiumpraeceptorum
536 1650 606 1708 ungit
631 1660 705 1707 quam
713 1648 836 1695 fornacem
844 1650 927 1695 nullus
935 1648 1030 1707 poterat
1038 1647 1159 1704 evadere,

77 1722 122 1757 nos
142 1714 216 1772 atquc
241 1716 342 1762 exercet
358 1715 467 1774 quotidie
484 1718 605 1776 scriptura
630 1730 684 1776 quae
705 1729 789 1763 omnes
807 1718 976 1774 consumeret,
995 1717 1022 1763 in
1034 1729 1082 1775 qua
1093 1717 1160 1763 solus

78 1779 173 1838 divina,
185 1782 210 1828 et
222 1783 341 1829 Dominus
347 1784 430 1829 noster
440 1783 558 1841 plurimos
575 1786 605 1832 ad
631 1785 700 1830 dolor
710 1786 775 1831 esset
786 1786 811 1832 et
821 1786 910 1832 luctus.
926 1785 957 1830 at
967 1797 1025 1832 vcro
1033 1784 1120 1832 fornax
1130 1784 1158 1830 in

78 1849 204 1895 subeunda
210 1851 344 1897 certamina
350 1852 457 1910 gestiens
462 1864 604 1912 provocare,
631 1865 680 1912 qua
696 1853 814 1911 Ananias,
825 1853 936 1910 azarias,
945 1853 1028 1899 llisael
1038 1851 1158 1912 hymnum

13 1912 20 1921 ⁴
78 1916 176 1963 diversa
185 1919 268 1976 posuit
275 1919 375 1976 praemia
385 1930 537 1965 coronarum.
547 1921 606 1967 Cen·
632 1921 739 1967 Domino
755 1920 890 1977 cauebant,
912 1920 999 1966 fornax
1017 1932 1090 1967 aurea
1101 1919 1157 1976 illa,

78 1984 172 2044 sidera,
184 1985 283 2044 inquam
290 2017 298 2042 ,
305 1986 397 2032 Christi
407 1987 524 2034 athletam
535 1987 606 2035 inuu-
632 2000 681 2034 non
688 1986 768 2034 ferrea
781 2000 787 2031 r
799 1999 927 2047 perquam
935 1987 986 2034 toto
997 1987 1054 2034 orbe
1063 1988 1158 2045 sapien-

77 2053 151 2100 meris
181 2054 380 2100 contentionibus
405 2053 551 2113 fatigatum,
578 2068 606 2102 ac
631 2057 666 2102 tia
678 2055 725 2102 tldc
734 2056 871 2102 devotionis
886 2056 979 2102 illuxit.
990 2056 1047 2103 Erat
1058 2056 1158 2114 quidem

78 2133 153 2181 prope
163 2121 214 2178 jam
224 2123 319 2168 lassatis
329 2122 424 2168 viribus
434 2123 605 2182 resistentem,
631 2125 706 2170 etiam
725 2123 777 2169 haec
799 2122 884 2169 fornax
906 2125 932 2169 in
950 2124 1095 2183 Babylonia,
1114 2125 1158 2170 uni

76 2191 182 2251 periculi
203 2191 268 2238 mole
288 2191 429 2249 turbatnm3
452 2203 508 2237 cum
523 2193 607 2240 videat
631 2205 718 2239 aurum
737 2203 786 2238 nou
807 2193 859 2239 erat
880 2193 1007 2252 spiritale,
1028 2194 1076 2239 nisi
1095 2191 1158 2239 forte

78 2259 607 2307 sibinonsolumadversuscarnemetsan·
633 2262 758 2320 captivum
781 2274 787 2306 ε
808 2263 928 2321 Captivam
951 2262 1018 2308 enim
1042 2265 1160 2310 Dominus

78 2327 193 2387 quinem,
209 2327 252 2374 sed
268 2327 343 2374 etiam
356 2327 472 2374 adversus
484 2329 606 2387 spir-itales
634 2332 702 2376 dacii
720 2331 881 2390 captivitatem.
900 2330 950 2375 lloc
964 2331 1016 2376 erat
1036 2330 1158 2376 aurumin

76 2397 210 2456 nequitias,
220 2410 275 2457 quae
288 2397 345 2443 suut
353 2398 379 2442 in
391 2397 542 2454 coelestibus,
554 2410 606 2445 esse
633 2397 679 2444 Dei
691 2398 795 2454 sanctis,
804 2398 847 2457 qui
857 2398 948 2456 captivi
960 2398 1030 2444 eraut
1039 2397 1104 2456 apud
1112 2399 1158 2443 Ba-

77 2467 220 2526 luctamen,
246 2467 350 2512 dicere:
369 2466 426 2513 Vide
452 2466 606 2513 humilitatem
633 2467 870 2525 bylonioscorpore:
884 2466 973 2526 spirita
989 2468 1071 2513 autem
1085 2466 1158 2513 liberi

77 2549 167 2593 mecm,
177 2538 200 2583 et
208 2549 263 2582 erue
274 2548 326 2594 mc5
334 2536 447 2594 quoniam
458 2535 529 2593 leqere
541 2538 605 2582 tuom
632 2534 697 2592 apud
705 2535 800 2593 Deum,
811 2535 884 2581 soluti
896 2534 1001 2581 vinculis
1009 2532 1159 2592 captivitatis

77 2617 184 2652 aoomm
194 2605 290 2663 oblitus3
309 2615 359 2649 non
375 2603 442 2649 enim
454 2603 533 2661 potuit
542 2605 607 2650 obli·
632 2604 746 2651 humanae
754 2638 761 2663 ,
770 2605 828 2663 Juqo
837 2604 920 2661 gratiae
931 2604 1047 2662 spiritalis
1061 2603 1155 2650 innexi.

78 2670 153 2733 visci,
161 2673 206 2734 qui
217 2672 351 2720 secundum
360 2671 413 2730 ejus
423 2673 544 2732 praecepta
552 2685 605 2720 cer·
630 2673 659 2718 nt
669 2673 768 2720 fortasse
778 2673 863 2720 eadem
875 2673 962 2719 fornax
972 2674 1052 2720 ferrea
1062 2672 1157 2733 fragili-

79 2740 151 2788 tavit.
259 2771 262 2775 -
631 2745 676 2790 bus
688 2745 824 2800 est,aurea
833 2742 1057 2800 perseverantibus.

107 2810 147 2858 l0.
162 2811 281 2858 Gontuerc
297 2810 372 2857 etiam
384 2810 490 2869 aliquem
506 2808 533 2856 iu
543 2823 606 2857 mar-
660 2809 1158 2870 l2.0mnesoportetpcrigncmprobari,

79 2876 143 2937 tyrio
160 2879 334 2936 constitutum,
349 2877 518 2936 frequentibus
527 2877 606 2924 afflic-
630 2881 779 2938 quicumque
797 2878 828 2924 ad
842 2879 982 2937 paradisum
1000 2879 1081 2923 redire
1092 2878 1157 2925 dosi-

77 2946 130 2993 tnm
148 2946 288 3005 suppliciis,
299 2948 421 2992 retrusum
439 2945 464 2990 iu
479 2947 604 3006 tenebras,
631 2946 729 3003 derout3
742 2959 790 2992 nou
807 2947 873 2992 cuim
889 2947 965 2992 otiose
976 2945 1094 3002 scriptum
1106 2947 1157 3001 est,

77 3015 147 3074 gravi
175 3015 278 3060 fractum
308 3013 416 3071 pondere
443 3012 605 3070 catenarum,
630 3014 694 3073 quod
711 3014 797 3071 ejectis
812 3014 887 3058 Adam
903 3013 928 3058 et
938 3014 987 3058 Eva
1002 3012 1033 3057 de
1051 3012 1157 3069 paradisi
1216 3040 1219 3047 ·

77 3083 162 3131 nervis
183 3094 255 3129 crura
275 3081 424 3137 distentum,
444 3081 606 3126 evisceratum
630 3083 701 3140 sede,
711 3081 794 3140 posuit
804 3082 869 3126 licus
879 3079 906 3125 in
914 3079 984 3125 exitu
992 3078 1097 3137 paradisi
1108 3079 1159 3136 gla-

80 3153 202 3213 cquuleo,
220 3150 350 3198 exaratum
364 3149 463 3208 ungulis
475 3181 482 3208 ,
493 3150 606 3196 adustum
631 3152 697 3198 diurn
706 3150 804 3208 igneum
811 3148 959 3195 versatilem.
967 3148 1056 3193 Omnes
1062 3145 1158 3204 oportet

78 3215 605 3276 candentibuslaminis,perseverantisfrdel
631 3220 732 3266 transire
742 3231 787 3277 per
797 3217 915 3274 flammas,
924 3216 976 3262 sive
984 3215 1027 3260 ille
1034 3215 1159 3262 lohannes

78 3289 176 3345 virum,
193 3287 237 3334 sed
251 3286 302 3344 iam
317 3285 439 3332 taediantis
457 3286 532 3332 animi
542 3287 607 3345 quod
632 3286 782 3344 Euangelista
793 3284 839 3343 sit,
849 3295 921 3342 quem
930 3283 965 3328 ita
975 3283 1064 3330 dilexit
1074 3283 1157 3329 Domi·

78 3358 172 3407 diutius
186 3357 313 3403 differatur
323 3367 396 3402 sacrae
407 3355 491 3401 mortis
502 3367 605 3414 corona,
631 3367 692 3414 nns,
707 3354 736 3401 ui
748 3354 783 3416 de
799 3365 828 3400 co
845 3353 940 3400 diceret
950 3351 981 3398 ad
991 3352 1161 3400 Petrumasic
1211 3396 1215 3401 .

78 3428 201 3476 dicentem
214 3438 221 3471 a
234 3427 292 3474 Vide
307 3425 461 3471 feumililotem
474 3438 551 3471 mecm
559 3456 568 3481 ,
585 3428 607 3472 et
630 3436 682 3468 cum
699 3423 751 3469 eote
771 3433 895 3468 monere...
908 3421 962 3478 quid
979 3420 1010 3465 od
1021 3417 1057 3465 te?
1069 3420 1104 3464 lis
1120 3432 1158 3466 eie

78 3508 133 3545 ertu
140 3509 190 3554 me,-
205 3495 316 3554 quoniam
331 3493 401 3552 teqem
416 3496 481 3539 tuom
497 3505 545 3538 ooo
554 3505 606 3541 eum
629 3504 729 3550 sequere.
741 3491 777 3536 De
788 3488 866 3535 morte
877 3487 929 3545 ejus
939 3486 1015 3546 aliqui
1026 3487 1159 3534 dubitare·

78 3565 231 3612 oblitos.Non
242 3561 523 3609 solumeuimiustndiis
533 3561 605 3619 atqde
630 3562 700 3618 runt,
712 3558 743 3605 de
758 3557 863 3604 transitu
879 3568 924 3615 per
944 3556 1025 3615 ignem
1043 3555 1160 3602 dubitare

58 3644 62 3652 ·
78 3633 222 3695 propositis,
238 3631 282 3678 sed
302 3631 376 3676 etiam
390 3629 416 3674 in
430 3629 606 3677 tentationibus
630 3640 678 3673 non
688 3624 893 3686 possuurus3quin
904 3625 929 3683 in
938 3623 1048 3684 paradiso
1056 3626 1102 3681 est,
1111 3635 1158 3670 nec

78 3702 245 3750 humilitatem
273 3699 323 3745 dici
348 3709 434 3756 posse,
459 3697 606 3744 testimoniis
630 3692 1156 3754 separaturadbristo.Sivoillositl’ctrus,
1241 3752 1246 3760 ¹
1308 3690 1316 3706 ·

78 3771 260 3830 scripturarum
278 3767 404 3814 docemur.
416 3764 543 3823 Siquidem
555 3765 606 3811 lec·
630 3763 672 3822 qui
684 3764 765 3809 claves
780 3761 875 3820 accepit
888 3761 957 3818 regni
972 3761 1102 3814 coelorum,
1113 3758 1157 3814 qui

78 3840 132 3888 tum
147 3838 184 3884 ost
200 3849 207 3882 a
226 3838 337 3883 Homines
349 3833 499 3893 acceptabiles
514 3835 539 3879 io
556 3833 607 3892 for-
630 3842 702 3889 supra
712 3829 1032 3888 mareambulavit,oportet
1043 3825 1155 3871 utdicat:

79 3919 137 3953 noce
147 3905 296 3964 ltumililcti33
311 3915 457 3952 ταπεινωσεως
467 3900 533 3947 enim
545 3912 607 3959 grae·
633 3900 791 3947 Trcnsicimus
799 3912 840 3958 per
850 3900 925 3958 iqueos
936 3901 958 3943 ct
971 3906 1071 3953 aquom,
1084 3894 1106 3937 et
1121 3894 1157 3966 inf

80 3985 123 4021 cus
138 3971 215 4029 dixit,
232 3970 296 4031 quod
316 3970 368 4028 est,
386 3970 531 4016 hamilitatis.
554 3968 606 4014 lloc
630 3967 719 4013 ducati
730 3978 773 4013 oea
787 3967 812 4012 iu
827 3965 983 4024 refrtqcriem.
996 3959 1043 4005 Sed
1053 3956 1157 4035 iohanni

33 4086 37 4091 .
83 4040 141 4095 ideo
157 4038 226 4098 posui
241 4039 299 4098 quia
314 4037 414 4097 plurimi
427 4036 519 4083 liabent
533 4034 606 4087 latini
631 4033 915 4092 citouersabituciqueus
926 4028 1033 4088 gladius,
1042 4037 1157 4087 quianon
