2760 4794
330 415 364 463 lli
378 415 535 463 Psllrdulu
550 414 635 460 xliii
649 409 854 464 uulnerato.
1100 419 1145 468 lei
1186 378 1187 383 1

66 495 184 545 adiel-ret.
195 495 288 558 Quaeris
296 497 478 546 testimonium?
488 498 550 545 ludi
562 496 592 544 de
617 497 761 557 stringituri
778 501 869 560 corpus
879 495 968 546 tirrisii
980 499 1087 550 Ecclesia
1101 507 1151 560 cst,

66 576 94 611 ce
107 565 230 613 dicentem
242 578 250 612 c
261 567 314 615 ll'tsa’
322 580 423 628 meacm
433 567 594 614 trilieieedeas
618 578 672 624 quaa
686 566 785 614 vinculo
801 566 929 626 stringitur
947 566 1065 616 caritatis.
1083 572 1149 630 Quid

65 636 488 697 interromesorictur,tpeumrolum
497 636 593 682 mouet:
617 634 1149 694 aliudincuristorudaei,nlsicaritatisvin-

65 703 176 751 dautem
185 706 303 751 mortuum
320 705 391 765 fuecit
398 736 407 761 ,
420 705 519 751 meltum
529 704 595 763 srec-
618 703 702 750 culum
713 716 784 751 omne
804 703 949 753 solverunt?
962 704 1049 752 lderito
1064 708 1152 754 Petrus

66 773 118 818 tam
131 773 226 830 aderet.
245 772 358 832 lienique
372 773 400 821 ut
415 772 478 820 scias
493 770 593 831 quiade
619 771 729 819 sacerdos
746 773 861 832 eligitur3
873 772 916 832 qui
932 771 1022 833 spiritu
1039 775 1151 822 caritatis

65 839 115 886 Ilei
124 839 185 888 lilio
195 840 256 888 dicit
266 841 369 900 Moyses,
380 841 415 888 ait
426 853 433 886 τ
446 840 594 898 Gloetlicetue
617 840 708 888 dirim
719 841 811 901 triplici
823 854 849 888 se
861 841 957 901 ligavit.
1080 888 1086 895 ,

65 908 128 955 inter
142 910 227 969 ircim
244 923 298 958 caes
310 911 486 970 primogenitus.
502 907 592 970 Utique
648 910 685 956 lii.
697 911 786 970 Accipe
800 911 880 958 adhue
891 910 950 970 quia
962 910 1042 970 ipsmn
1055 912 1149 971 signiti-

64 991 116 1027 non
139 981 230 1040 loscplr
255 981 309 1029 erat
330 979 507 1042 primogenitus
528 979 593 1033 mter
616 977 1146 1038 cariilloysesndjeeit:camerescensem,

64 1045 129 1097 filios
144 1049 233 1108 recol,
245 1050 289 1097 sed
306 1049 409 1108 liubeng
429 1061 486 1095 nam
502 1048 593 1106 loseph
617 1059 706 1094 cornua
724 1049 795 1108 ipsius
805 1062 813 1094 ε
825 1050 850 1094 iu
861 1050 915 1108 ipsis
927 1051 1003 1109 genua
1014 1050 1145 1099 ventilabit.

62 1112 251 1176 post'plurlmos
273 1117 334 1166 erat.
351 1117 400 1164 Sed
417 1117 594 1177 primogenitus
617 1114 665 1162 Sed
687 1117 739 1163 noli
756 1116 846 1164 timere
862 1117 920 1177 quia
940 1118 1062 1177 ventilat3
1081 1119 1147 1167 dixit

63 1185 166 1245 dieitur,
174 1187 217 1246 qui
227 1187 349 1235 venturus
357 1187 419 1246 emt,
429 1186 458 1234 ut
467 1185 594 1234 nationum
618 1184 684 1232 enim
697 1198 704 1233 r
715 1187 1006 1240 reresurrectionis.
1018 1188 1083 1248 Bona
1093 1200 1148 1234 cor-

62 1255 168 1315 populos
182 1254 351 1314 congregaret.
617 1263 682 1310 nun,
692 1253 782 1312 quihus
792 1254 892 1301 inclusit
908 1254 992 1302 orbem
1006 1254 1147 1304 terrarum:

96 1321 135 1370 li.
143 1321 214 1369 Unde
226 1323 311 1380 pulcre
322 1320 507 1382 descriptura:
520 1322 595 1370 Tomi
618 1320 680 1369 bona
691 1325 893 1384 cornua,‹1uibus
903 1324 1079 1382 leonemillum
1090 1339 1149 1375 nos-

21 1435 24 1443 ,
61 1392 135 1440 decess
147 1391 205 1450 ejus.
217 1390 287 1437 Sicut
300 1389 368 1436 enim
378 1390 464 1436 taurus
476 1389 544 1439 ducit
554 1401 594 1437 ar·
617 1392 683 1439 trum
693 1393 859 1441 adversarium
870 1395 1000 1442 ventilavit
1008 1395 1085 1443 :hona
1093 1409 1148 1444 cor·

60 1459 192 1518 mentum;
211 1459 246 1506 ita
256 1458 365 1506 Christus
374 1459 472 1518 plebem
483 1459 592 1519 gentium
616 1469 678 1518 nna,
689 1460 780 1520 quilius
791 1460 851 1508 lecit
865 1462 894 1508 ut
903 1475 993 1509 cornua
1010 1463 1146 1513 adversarii

61 1527 137 1575 duxit
146 1527 178 1574 ad
187 1519 328 1586 Ecclesiam,
339 1525 438 1574 induxit
449 1526 479 1574 ad
486 1539 588 1586 pascum
616 1526 703 1575 timere
712 1540 874 1589 nequeamus;
887 1529 945 1590 quia
956 1530 982 1578 et
992 1531 1088 1579 satanas
1098 1532 1145 1579 lra-

61 1597 92 1646 ut
101 1599 182 1658 posset
197 1591 280 1644 dicere
291 1599 336 1644 :lec
346 1597 395 1643 loeo
412 1609 503 1656 pascua
513 1596 547 1643 iti
555 1611 592 1645 me
615 1594 657 1642 bet
665 1608 755 1643 cornua
766 1609 819 1654 sua,
828 1598 893 1646 sicut
900 1598 1045 1647 testificatus
1053 1602 1146 1655 esilia-

62 1669 181 1716 cottoceeit
191 1682 200 1715 .·
211 1681 280 1728 cuper
295 1679 383 1726 equum
396 1666 527 1726 resectionis
538 1681 588 1714 eon·
615 1660 665 1708 niel
674 1663 770 1710 dicens:
779 1664 892 1712 Videbam
901 1668 923 1712 ct
931 1679 1003 1713 corase
1013 1668 1145 1727 illuderent

61 1736 136 1785 stituit
141 1750 185 1785 me.
194 1734 342 1795 liuiustauri
348 1734 512 1794 decorempro
517 1737 591 1796 captu
614 1729 713 1788 facetat
721 1745 825 1793 paenam
835 1747 888 1781 eam
898 1737 985 1783 sanetis
995 1749 1004 1782 .·
1013 1738 1035 1783 et
1046 1737 1145 1785 invaler-

61 1805 151 1854 nostrae
161 1804 300 1865 tragilitatis
313 1803 423 1851 armenta
435 1804 519 1851 secuta
534 1805 591 1852 sunt
614 1799 678 1848 cedei
688 1803 735 1858 eis,
748 1803 818 1849 donce
832 1804 895 1851 eeait
913 1804 1030 1865 Antiquae
1044 1807 1144 1855 dierum

60 1873 259 1935 praecedentem
271 1872 300 1919 ut
309 1871 386 1920 ritem
397 1869 591 1930 adipiscerentur
613 1866 659 1913 Hie
677 1869 714 1916 est
726 1869 848 1930 Antiquos
862 1869 967 1918 dierum.
983 1873 1044 1932 Quis
1059 1876 1143 1922 autem

62 1942 190 1994 uternam.
201 1939 305 2000 lingivit
315 1939 357 1988 hic
374 1940 473 1998 taurus,
489 1940 514 1987 et
525 1952 591 1988 mors
615 1937 776 1998 unicornuus,
788 1941 835 1987 nisi
846 1941 989 2001 unigenitus
998 1943 1045 1991 Dei
1056 1945 1142 2004 Filius,

61 2009 163 2070 relegit.
177 2010 227 2058 Leo
241 2008 323 2068 rugit,
339 2009 364 2057 et
375 2009 432 2070 quis
446 2009 591 2058 nuntiaret?
614 2005 639 2052 et
650 2005 751 2054 unicum
765 2009 812 2056 liei
828 2009 953 2070 Verbum,
968 2012 1033 2070 quod
1048 2014 1099 2060 erat
1114 2014 1143 2061 in

60 2079 128 2128 Vere
143 2078 251 2127 maxima
270 2078 355 2125 iuurus
371 2075 473 2125 victima
486 2090 494 2137 3
514 2078 543 2124 ut
559 2081 590 2127 al,
614 2072 735 2134 principio
753 2077 818 2136 apud
828 2077 942 2125 Patrem?
952 2080 1022 2137 Quod
1032 2080 1142 2128 Verbum

61 2144 590 2206 mvemdnuunmamusiesumonnpuae
613 2143 663 2189 suis
675 2145 789 2193 cornibus
799 2146 910 2206 gentium
925 2151 1029 2207 populos
1039 2150 1143 2197 modili-

60 2216 141 2275 maior
151 2215 217 2264 enirn
224 2215 341 2273 victima,
352 2227 424 2274 quarn
435 2228 489 2274 qnae
504 2218 589 2263 mnndi
613 2212 687 2271 cavit,
696 2213 875 2275 etvirilicavit3
886 2216 915 2263 ut
923 2216 1011 2264 fierent
1022 2218 1141 2266 indecem

59 2284 280 2345 totiugpeecaium
293 2295 338 2331 suo
350 2295 437 2330 cruore
449 2284 591 2333 mundavit?
614 2279 807 2341 milliaEphraem
815 2282 927 2342 usquead
936 2282 1055 2331 terminos
1061 2285 1141 2345 terrm,

60 2353 125 2402 Audi
141 2352 202 2415 quia
218 2353 299 2414 ipsum
318 2353 416 2400 taurum
435 2352 496 2399 dicit
515 2353 590 2400 eiiam
613 2347 639 2394 et
652 2350 767 2407 usquein
778 2350 856 2397 millia
873 2351 1017 2407 Manassen:
1029 2363 1058 2399 oo
1075 2353 1140 2412 quod

59 2423 159 2472 sanetus
168 2422 287 2484 propheta
296 2421 384 2480 iacoh3
401 2433 456 2468 cnm
468 2423 590 2470 revelaret
613 2417 750 2466 crediturus
761 2419 826 2467 esset
835 2419 862 2467 in
873 2433 931 2467 eum
947 2421 1051 2479 populus
1061 2422 1141 2468 natio-

59 2491 160 2540 Domini
169 2492 321 2553 passionem,
331 2503 405 2550 quern
415 2491 494 2538 ludaei
505 2492 588 2550 postea
612 2498 685 2547 num,
696 2487 739 2546 qui
750 2487 828 2534 totum
846 2490 956 2548 repleret
966 2490 1050 2539 orbem
1061 2492 1140 2538 terra-

59 2560 185 2621 pcrsecnti
200 2559 266 2608 sunt.
277 2562 307 2608 Is
326 2560 421 2620 sscrorc,
442 2558 531 2618 inquit,
546 2574 588 2608 eno
612 2567 681 2613 rum,
693 2555 832 2603 crediturus
842 2559 906 2604 esset
915 2559 999 2617 postea
1010 2559 1085 2606 etiam
1095 2572 1140 2619 po-

60 2629 258 2679 wormacense
275 2631 380 2677 tannem.
398 2629 428 2676 Et
442 2628 470 2674 ut
481 2628 588 2688 aperiret
612 2623 1140 2683 pulusludaeorum,exoblivioneconrersns

59 2697 121 2759 quia
131 2698 261 2747 germis
272 2698 384 2757 dicebat,
404 2697 515 2745 addidit:
523 2701 588 2747 pepe.
612 2691 642 2738 ad
652 2692 765 2750 gratiam.
782 2693 878 2741 Oblitus
892 2695 930 2743 est
948 2694 1015 2742 enim
1032 2697 1139 2745 salutem

58 2769 116 2816 deas
126 2782 164 2818 eos
175 2769 201 2816 iu
215 2767 304 2825 Jacob,
321 2768 484 2827 cidisperpom
494 2767 545 2816 illes
562 2771 587 2816 in
611 2771 693 2818 Suam,
710 2761 753 2820 qui
771 2762 821 2808 iim
836 2763 1091 2811 ⁸01⁰0⁰11Verterei¹11
1108 2765 1140 2812 ill

58 2839 142 2887 pm,
158 2838 205 2886 1110
220 2837 258 2886 ,gt
273 2837 346 2885 homo
364 2836 407 2896 qui
424 2837 531 2885 luctatu,
551 2840 587 2887 est
610 2828 740 2876 Christum.
752 2829 809 2876 ldeo
821 2829 878 2877 Saul
889 2829 916 2877 in
930 2831 1050 2891 millibus,
1059 2833 1139 2881 David

59 2918 118 2954 cunr
127 2907 218 2965 iacob,
234 2906 260 2955 et
273 2905 355 2953 lemur
368 2905 421 2963 eius
432 2905 527 2965 teligit,
539 2919 587 2967 qno
611 2896 636 2942 5¹¹
651 2897 736 2961 decem
747 2898 871 2958 minibuti
884 2900 941 2961 quia
953 2901 1027 2950 durus
1040 2901 1066 2948 5¹¹
1076 2914 1138 2962 9³¹1·

56 2973 128 3022 tactu
133 2973 280 3022 Patriarchae
290 2985 382 3020 nervus
392 2973 531 3033 obstupuit:
540 2975 587 3034 sig·
611 2965 654 3025 01³,
666 2969 808 3015 mansuetus
819 2967 846 3014 iu
857 2969 978 3027 pluribus.

56 3041 162 3099 nitlcans
177 3054 211 3088 ex
220 3041 275 3099 eins
287 3040 439 3088 successione
453 3043 586 3090 secondum
640 3035 678 3082 ¹9·
689 3036 771 3094 Neque
780 3035 863 3084 tamen
874 3037 964 3095 almum
973 3037 994 3083 ⁵¹
1004 3039 1059 3098 (11¹ss
1069 3037 1139 3098 qnasi

56 3121 160 3158 carnem
171 3121 197 3156 se
209 3121 262 3156 osse
273 3110 418 3166 venturum,
430 3108 473 3168 qui
483 3110 588 3157 subner-
611 3102 642 3148 ad
652 3102 743 3161 ioseph
760 3103 855 3150 dictum
865 3104 939 3163 putat.
951 3107 1139 3165 :Primepeaitus

54 3177 156 3228 candus
166 3176 231 3224 essct
240 3189 254 3223 u
263 3176 354 3236 populo
364 3175 502 3223 iudaeorum
511 3177 538 3224 in
548 3178 587 3226 sui
611 3171 676 3218 tauri
692 3172 758 3218 meus
775 3171 839 3230 τείως
851 3171 877 3218 et
893 3172 927 3218 sic
938 3171 1138 3232 distinguendum

56 3243 169 3305 corporis
179 3241 300 3302 passione.
311 3242 380 3302 Quod
390 3253 439 3290 uon
447 3241 587 3302 intelligeri—
610 3237 688 3298 putat,
694 3238 753 3298 quia
763 3238 832 3286 dedit
842 3241 867 3286 et
877 3239 967 3286 sanctis
975 3240 1137 3291 sniscomua:

54 3312 96 3360 tes
111 3311 274 3372 mysterium,
289 3311 430 3360 statuerunt
440 3323 472 3359 ne
483 3323 586 3362 nervum
609 3309 804 3357 Excitavitenim
814 3322 887 3356 cornu
895 3309 1062 3370 pepulissetlit
1069 3310 1137 3356 Anna

56 3381 237 3429 manducarent
253 3380 299 3427 lilii
310 3381 394 3428 lsrael.
408 3381 439 3428 Et
457 3380 514 3428 ideo
524 3382 586 3429 sacri
610 3375 688 3424 mater
697 3377 824 3438 prophetae
833 3378 933 3438 Samuel
941 3378 1003 3426 dicit
1021 3391 1029 3424 r
1049 3379 1137 3427 durui-

10 3492 14 3497 .
55 3448 184 3508 sanguinis
194 3461 220 3497 se
227 3447 379 3496 redemtione
390 3447 543 3508 fraudarunt,
550 3463 588 3497 sa·
610 3449 666 3496 tacit
676 3461 716 3496 cer
726 3462 802 3496 cneum
811 3450 836 3496 ia
846 3451 948 3498 Domino
958 3453 998 3498 cet
1005 3450 1137 3497 exaltatum

54 3517 163 3565 lutilerae
178 3530 274 3578 quoque
284 3517 402 3578 passionis
417 3531 443 3575 se
460 3519 587 3568 lienelieiis
609 3520 722 3564 estserae
732 3530 810 3564 mcum
820 3519 844 3565 in
859 3520 907 3565 lice
917 3531 977 3567 meo.
986 3517 1137 3565 llahuituti-
1182 3573 1189 3583 ,

54 3584 216 3643 abdicarunt,
226 3597 259 3632 ne
270 3584 350 3632 vitam
364 3587 505 3634 mereantur
515 3587 587 3636 aeter·
610 3597 658 3644 quo
671 3582 696 3631 et
703 3584 793 3645 iosoplr
808 3585 835 3633 in
846 3585 948 3633 Domino
958 3597 1049 3634 cornua
1062 3586 1137 3646 spiri-

53 3644 127 3711 nam'3
143 3652 202 3712 quia
221 3652 340 3712 scriptum
356 3653 394 3701 est
404 3667 411 3699 r
422 3655 476 3702 Nisi
484 3658 586 3704 areauna
610 3654 676 3700 talla.
693 3654 835 3713 decipiatur
847 3655 931 3716 itaque
950 3655 1053 3716 ioseph,
1065 3656 1138 3704 dum-

52 3722 162 3770 cueeritie
172 3733 266 3768 curnem
275 3721 319 3780 filit
329 3721 438 3780 dominis,
449 3725 472 3771 et
483 3723 586 3775 biberitis
609 3722 680 3769 modo
691 3721 716 3767 in
733 3721 786 3780 ipso
796 3721 872 3781 figura
882 3723 914 3772 sit
924 3723 1029 3784 Christi,
1040 3725 1082 3773 cul
1098 3724 1136 3771 di·

51 3790 106 3850 dau
119 3789 270 3849 maeuiaem,
285 3801 333 3836 aon
351 3789 463 3839 leieditie
477 3792 502 3839 in
522 3793 586 3844 cotie
609 3791 673 3837 citur
685 3802 692 3835 τ
704 3790 788 3851 locent
805 3791 866 3850 {ittae
887 3806 954 3842 mette
966 3794 1137 3855 amplificatae,

50 3856 110 3918 ipsis
119 3856 202 3903 eitum
221 3857 268 3918 Qui
276 3859 355 3905 autem
371 3859 499 3906 manducet
508 3874 586 3909 mecca
607 3859 669 3916 filius
675 3857 871 3917 mentientem
878 3873 915 3908 mc
923 3864 1044 3910 revertere.
1050 3856 1134 3920 Neque

50 3935 160 3989 epraeter,
171 3925 193 3971 et
204 3921 347 3972 tiditmeum
356 3925 502 3986 mapmaem,
513 3927 586 3975 liete-
609 3925 675 3972 enim
687 3925 778 3986 loseph
793 3926 824 3976 ad
839 3927 914 3976 iacob
928 3928 1074 3986 revertitur3
1091 3927 1134 3974 sed

51 3991 172 4040 dilectam
189 3993 310 4041 emnem.
329 3992 418 4054 Accipe
428 3994 505 4042 aliud.
519 3996 585 4054 Quid
608 3995 717 4044 christus
734 3996 866 4045 amentatis
876 3997 1033 4046 resuscitatem
1049 3996 1079 4042 ad
1089 3997 1135 4042 Pa-

51 4057 93 4108 est
100 4070 208 4121 nervus,
218 4059 267 4110 uisi
278 4072 327 4124 qao
338 4073 426 4126 corpus
437 4074 509 4112 omne
525 4075 584 4136 cong
608 4064 671 4115 trem
681 4065 759 4116 Deum
767 4066 944 4128 reventilandi
952 4064 1071 4128 scriptum
1080 4065 1133 4113 osta
