2760 4794
311 450 345 495 IN
360 451 522 496 PSAIMUM
536 453 680 498 XXXVIII
694 453 900 499 ennnnamo.
1100 455 1145 504 ffb

11 568 25 621 a
55 525 228 590 insurgat3ita
238 530 417 580 exercitatione
428 533 506 580 nimia
514 532 588 592 atque
613 546 667 581 ram
679 536 808 595 mitteret3
820 548 868 595 quo
883 533 1037 584 illuminaret
1051 538 1146 586 animas

57 597 181 657 patientia
189 599 364 660 roboratus‚ut
374 601 589 661 tamquaminsen-
612 602 1145 664 universorum,studiumaccenderet‚cri-

10 698 33 745 Ι,
55 660 139 713 druis
149 665 181 713 ad
191 666 312 727 dolorem,
322 669 421 729 planam
431 668 524 729 sentire
539 681 589 719 non
614 682 672 717 men
681 671 808 718 exureret.
826 679 829 682 ·

55 732 150 794 possit,
160 744 289 795 percussus
303 737 384 797 ridet,
394 737 523 785 lacessitus
540 738 589 801 ini7
645 738 682 785 f6.
694 741 816 800 boreum
825 752 879 788 rum
889 741 915 786 in
925 739 1007 800 tinpno
1017 753 1070 789 mee
1080 756 1089 788 r
1100 753 1144 790 no-

10 776 23 829 ι
56 801 185 850 finienti
197 815 257 851 vero
277 803 380 853 inferior
394 804 416 852 ei
430 804 494 854 forte
510 805 587 854 ictum
614 808 663 854 inm
679 808 717 866 fac
734 808 807 865 mibi,
824 809 938 865 Domine,
952 809 1023 867 finem
1039 822 1143 872 pruma

10 904 22 965 1
56 864 171 919 fomentis
189 869 275 932 supra
288 872 420 921 obductam
446 873 588 922 cicatricem
612 878 634 922 et
645 888 770 923 annerum
784 878 875 924 mm
889 889 996 924 meorum
1007 878 1105 937 potest·
1116 879 1144 925 st

10 974 23 1023 Ι
56 936 270 988 veterisvulneris
287 942 428 1002 exceperit,
442 944 588 989 renovatum
612 945 686 989 eciam
697 945 752 1003 quid
761 945 818 991 desit
829 944 896 990 mibi.
914 945 996 992 Bonus
1007 944 1085 1002 ignis,
1099 942 1143 1003 eut

54 1003 133 1055 sentit
143 1005 260 1055 dolorem.
272 1008 313 1055 Sic
324 1008 363 1058 est
378 1010 421 1057 eui
436 1009 588 1068 objiciuntur
614 1009 673 1058 fecit
680 1013 708 1059 nt
715 1006 837 1072 Propheta
844 1013 996 1072 loqueretur.
1008 1013 1037 1060 et
1045 1013 1103 1059 vide
1111 1023 1144 1060 ne

10 1042 26 1159 ἒ
54 1073 160 1135 peccata
181 1074 322 1139 superiora,
342 1089 397 1137 quaa
417 1078 589 1138 competenter
613 1077 666 1136 ipse
676 1080 708 1127 sit
718 1080 783 1140 ignia
798 1080 842 1140 qni
853 1080 922 1127 risus
938 1080 988 1137 est,
1004 1081 1101 1141 quando
1116 1079 1144 1127 in

10 1186 26 1229 Ι
54 1138 138 1190 doluit
153 1143 226 1204 atque
240 1144 358 1206 deflevit3
374 1146 404 1194 ut
422 1146 588 1194 satisfactione
614 1146 654 1194 die
671 1147 828 1195 Pentecostes
838 1148 865 1195 in
880 1160 960 1194 unum
970 1147 1054 1195 iocum
1069 1147 1144 1196 disci-

10 1219 164 1297 fwngrua
181 1211 282 1259 vulneri
309 1212 466 1272 peccatorum
479 1224 588 1259 suornm
613 1214 850 1274 poliscongregatis,
857 1215 951 1263 decidit
958 1227 1014 1262 cum
1023 1215 1048 1262 ri
1057 1226 1145 1274 magne

52 1274 193 1327 obduceret
204 1279 357 1326 cicatricem.
366 1278 392 1325 Si
403 1279 587 1339 perfectnsest,
614 1294 688 1341 super
704 1294 745 1329 eos
760 1283 866 1341 Spiritus
881 1283 994 1341 sanctis,
1013 1284 1039 1330 et
1053 1281 1146 1342 linguis

10 1312 33 1435 ι’
51 1342 123 1393 uses
132 1345 343 1406 conviciantibus,
360 1348 429 1395 nullo
445 1347 493 1395 sibi
505 1347 589 1394 dolore
614 1350 689 1397 variis
706 1351 878 1410 loquebantur.
897 1349 938 1398 Sic
948 1351 1015 1399 enim
1025 1349 1145 1410 scriptum

18 1442 26 1459 .
51 1414 190 1472 renovato3
203 1413 261 1473 quia
280 1415 327 1461 etsi
342 1414 469 1473 peccavit,
487 1427 589 1462 securus
614 1419 670 1465 est:
684 1419 744 1480 Quia
759 1421 815 1467 oieoe
829 1423 884 1468 roni
899 1421 985 1479 linque
1000 1432 1081 1467 eonem
1096 1420 1145 1467 dis-

10 1462 33 1571 ‘f'
52 1480 224 1541 estquiasine
234 1483 586 1542 poenitentiasuntbeidona3
610 1500 685 1546 perere
694 1490 816 1548 termnum
829 1489 898 1548 fona.
915 1488 961 1535 ilic
973 1488 1011 1535 est
1027 1499 1083 1546 ergo
1099 1487 1143 1546 qut

53 1549 83 1597 ct
100 1548 158 1597 ideo
176 1564 231 1610 quae
244 1552 322 1599 semel
333 1551 447 1610 donavit,
462 1552 586 1599 resolvere
613 1554 677 1601 dixit
686 1555 718 1603 ad
731 1555 901 1604 Hieremiam:
913 1558 971 1604 dece
985 1558 1014 1604 do
1029 1556 1072 1603 tibi
1081 1558 1105 1602 in
1117 1569 1144 1604 or

10 1594 25 1659 'f
39 1626 85 1671 ,uc
93 1629 213 1667 renovare
221 1631 271 1668 nou
279 1620 372 1679 soleat,
384 1633 440 1667 cunr
452 1621 505 1680 ipse
515 1621 587 1668 dixe-
611 1624 684 1672 serbo
693 1638 747 1672 mec
756 1626 781 1672 fn
791 1626 949 1686 ipaemdianc
960 1637 1018 1685 orgo
1029 1624 1055 1671 et
1062 1623 1143 1671 David

10 1664 24 1735 ,¹-
51 1684 170 1748 ritrffpo
180 1701 247 1746 rum,
264 1701 306 1749 eqo
321 1702 389 1747 sum,
407 1691 448 1750 pat
462 1691 525 1738 deleo
539 1691 586 1737 ini·
612 1690 1142 1754 linguamignisaccepiautdivinecogni-

10 1738 31 1813 Ι,
52 1757 290 1819 Μθθθε,θίθιθπιοτ
300 1770 348 1804 non
356 1771 405 1806 cro.
414 1757 440 1805 Si
448 1759 586 1806 autemim-
611 1758 916 1808 tioniseuccensusardore
925 1761 1068 1820 loqueretur
1078 1775 1084 1807 z
1093 1761 1143 1808 No·

10 1812 38 1873 !··'
52 1823 181 1885 perfectus
191 1825 217 1872 ct
230 1825 359 1873 immemor
373 1827 511 1875 coelestium
522 1841 586 1887 prae-
612 1830 661 1874 inm
671 1830 710 1889 fac
721 1829 788 1886 mitri,
796 1832 905 1886 Domine,
912 1829 983 1887 finem
991 1843 1077 1877 meam.
1088 1830 1143 1877 Non

10 1880 26 1919 Ε
53 1892 201 1951 captemin,
222 1892 290 1940 dolor
309 1892 334 1940 ei
349 1895 465 1956 unquam
483 1896 585 1943 rescissa
612 1895 642 1941 de
654 1897 733 1943 morte
748 1894 911 1956 suaquarit(
924 1897 1085 1955 nequeenim
1100 1896 1142 1944 bic

10 1950 32 2015 Ξ·
54 1959 173 2008 cicatrice
184 1961 322 2020 reparatur.
611 1961 667 2008 finis
676 1964 845 2010 resurrecturo
857 1962 865 2022 )
877 1963 922 2010 sed
932 1963 963 2009 de
974 1974 1004 2010 eo
1015 1962 1064 2010 fine
1074 1975 1143 2024 quae·

10 2030 14 2035 '
87 2029 127 2075 fa.
140 2030 311 2077 cmcmudcor
325 2043 403 2077 mcum
419 2032 485 2078 intra
498 2045 550 2089 me,
564 2035 586 2079 et
611 2030 658 2090 rit,
675 2031 765 2090 dequo
781 2032 909 2091 apostotus
926 2031 1143 2090 dixitrQuiaiile

10 2128 28 2163 a
53 2098 300 2145 inmeditotfoaemen
309 2101 441 2147 exardescet
449 2101 517 2160 inab.
528 2101 587 2147 Gra·
611 2098 788 2158 fin1s‚quando
797 2100 911 2147 dominus
921 2101 1144 2160 Jesnstradetreg·

10 2184 33 2203 ·-
54 2165 128 2213 viora
137 2165 255 2225 vulnera,
266 2166 331 2215 sicut
340 2167 468 2225 norimus,
479 2168 586 2216 caustico
611 2179 672 2213 nuru
683 2167 745 2213 dieo
762 2167 842 2227 Patri,
862 2170 888 2214 et
907 2167 1038 2215 evacuabit
1058 2180 1144 2215 omnes

610 2232 1144 2348 araneaecesenaten

15 2334 33 2361 :-
557 2318 584 2351 r:
1097 2314 1104 2360 3

10 2372 41 2427 ,5,
54 2313 143 2419 ὤθει
152 2369 200 2419 etsi
210 2317 321 2422 modicula
338 2372 390 2431 eet,
407 2372 498 2420 vulnus
512 2386 586 2420 suum
612 2369 675 2414 mala
687 2368 815 2428 deficiant,
832 2369 858 2416 et
873 2369 939 2415 bona
954 2369 1046 2416 aeterna
1056 2381 1143 2416 succe-

55 2438 586 2502 curatldeoqnesinonpfeneconsumrnatus
611 2436 678 2483 dant.
696 2438 726 2485 Et
737 2437 793 2485 ideo
803 2437 897 2485 dictum
910 2437 947 2485 est
959 2450 966 2485 r
980 2439 1050 2498 Fapft
1061 2439 1142 2495 dolor,

55 2507 96 2554 est
106 2507 138 2554 ad
148 2506 271 2557 inoffemae
279 2508 450 2556 habitudinem
461 2509 585 2568 sanitatis,
612 2506 705 2552 tristitie
711 2537 720 2563 ,
731 2509 754 2553 et
765 2508 871 2566 pomifer.
883 2507 954 2554 Hunc
967 2506 1041 2554 finem
1056 2506 1083 2554 in
1097 2507 1143 2552 bo·

16 2578 27 2625 .“
39 2620 42 2625 .
55 2576 189 2635 vaporatur
209 2577 264 2634 ejus
286 2590 342 2637 cor,
370 2577 448 2626 babet
473 2577 585 2637 febrem,
611 2573 719 2619 minibus
731 2575 878 2633 operabatur
892 2575 917 2622 et
932 2575 1022 2623 Paulus
1037 2575 1140 2622 dicens:

33 2636 36 2641 '
54 2641 432 2704 ignescitadobJeotaconvicia.
441 2647 471 2695 Et
480 2646 583 2706 citaret,
610 2643 700 2702 aaran
710 2645 742 2691 est
752 2645 903 2704 enituissent
913 2658 963 2701 me,
975 2645 1022 2691 aiei
1034 2647 1076 2703 qui
1085 2657 1142 2691 coa·

55 2712 98 2759 vel
107 2713 173 2759 intra
179 2726 206 2761 se
214 2713 311 2762 teritur.
322 2713 395 2774 Lapis
408 2713 468 2761 sind
478 2715 583 2774 lapidem
611 2712 717 2758 tristatur
733 2725 765 2758 em
782 2711 835 2758 me?
853 2711 1007 2772 Obiurgando
1019 2712 1085 2758 enim
1101 2712 1143 2760 do-

54 2779 166 2838 tentur,
176 2779 258 2838 ignem
269 2780 378 2838 excutit3
389 2781 425 2827 ita
435 2781 511 2828 etiarn
522 2783 585 2829 bona
611 2778 701 2838 iorem,
720 2780 860 2840 tristitiam,
879 2781 987 2840 gemitus
1001 2780 1142 2839 excitabat,

55 2847 210 2895 conscientia
218 2848 312 2908 pudore
324 2847 496 2907 succenditur,
508 2849 529 2897 si
544 2863 586 2897 re·
610 2848 745 2906 utagerent
754 2848 947 2910 poenitentiam3
960 2862 1009 2908 quo
1017 2849 1143 2896 irrevoca-
1231 2849 1233 2857 '

53 2915 164 2962 moretur
178 2915 202 2962 ei
217 2928 316 2964 suornm
329 2915 466 2963 recordatio
481 2916 586 2964 delicto-
611 2915 687 2962 bilem
699 2915 798 2963 reniam
809 2917 834 2963 et
845 2917 966 2975 salutern,
982 2916 1052 2973 cujus
1063 2917 1143 2962 Deum

52 2993 122 3031 mm.
135 2984 167 3030 Et
181 2985 207 3031 in
222 2985 432 3045 iprameditntione
443 2985 502 3043 fenis
512 2999 587 3032 eaor-
610 2995 660 3029 non
670 2984 818 3042 poeniteret,
831 2984 999 3032 mererentur.
1011 2984 1056 3029 ille
1068 2983 1144 3041 igitur

10 3048 34 3107 ·.=‚
52 3050 136 3099 doreti.
155 3052 207 3099 Non
225 3053 305 3099 maius
327 3051 406 3111 ignis,
425 3050 468 3110 qui
486 3052 586 3110 adurat,
612 3062 686 3096 verns
696 3050 732 3097 est
741 3051 810 3109 finis,
822 3051 865 3109 qui
875 3064 925 3097 non
935 3052 1010 3097 unius
1019 3050 1144 3109 amitinis,

10 3130 26 3169 τ
51 3118 101 3177 red
111 3131 164 3167 non
175 3120 273 3166 exurat
288 3119 354 3166 'ralis
370 3119 434 3177 ignia
449 3119 499 3166 Dei
513 3131 588 3177 quem
613 3115 779 3163 sedomnium.
785 3118 911 3175 Quomodo
917 3124 974 3176 ergo
980 3117 1145 3164 finemmeum

10 3186 44 3215 '³‘-
51 3186 337 3249 Hnysesinruboridit5
344 3187 524 3246 quandorabus
532 3200 589 3235 ure.
613 3181 748 3230 dixitised
758 3183 888 3231 considera
894 3183 950 3244 quis
958 3184 1080 3242 loquatur.
1090 3183 1145 3230 Uti·

52 3254 147 3316 betur,
163 3256 208 3304 sed
224 3268 275 3303 non
293 3256 453 3304 exurebatur.
472 3257 514 3305 Est
530 3269 588 3316 ergo
613 3263 661 3310 que
673 3250 759 3311 bomo,
770 3251 1145 3301 velunusexhominibususue

17 3338 40 3359 «-
52 3322 132 3389 ipis,
142 3325 184 3385 qut
195 3324 324 3385 meantum
335 3324 435 3384 minuit,
446 3324 471 3372 et
481 3337 526 3372 suo
534 3327 588 3373 cul.
613 3320 789 3375 communitate
806 3321 963 3380 substantie,
980 3321 1023 3368 rel
1038 3321 1097 3380 qnia
1111 3320 1145 3369 ad
1175 3382 1177 3391 Α

51 3404 116 3455 pam
132 3392 218 3441 ardore
232 3391 357 3454 depascit,
372 3393 411 3441 est
426 3394 452 3441 et
465 3392 528 3452 ignis
543 3393 586 3455 qui
613 3388 715 3436 formam
726 3388 896 3437 universorum
904 3389 1068 3449 describitur,
1077 3390 1103 3438 et
1111 3388 1144 3437 ad

52 3459 197 3510 amatium
204 3460 379 3520 scripturarum
386 3461 587 3510 meditationibus
611 3455 790 3516 perfectionem
800 3458 961 3507 consummati
972 3456 1145 3507 bominiseru·

53 3525 198 3587 excitatum
213 3528 282 3576 velut
296 3528 340 3576 ilic
350 3529 382 3576 de
396 3541 445 3589 quo
456 3529 518 3578 dicit
527 3530 587 3577 flie-
612 3524 688 3572 ditur.
924 3578 927 3583 ,

52 3594 151 3645 ronias
161 3607 170 3642 r
182 3597 215 3643 Bt
231 3597 284 3643 emt
299 3597 359 3655 faeie
371 3598 547 3656 damnauerunt
562 3601 587 3645 in
644 3593 681 3640 fi.
689 3593 759 3641 Unde
770 3594 796 3642 et
813 3593 908 3643 addidit
922 3594 1009 3642 notum
1026 3595 1074 3643 sibi
1089 3593 1144 3643 fieri

52 3662 148 3715 emitur
158 3664 224 3719 nm,
232 3662 281 3711 Ant
291 3662 335 3711 ibe
352 3662 383 3710 de
394 3675 443 3722 quo
454 3665 586 3724 cleopbas,
612 3672 743 3709 numerum
754 3662 903 3724 dierumqrd
915 3663 966 3723 ast,
974 3664 1003 3711 ut
1012 3664 1074 3712 sciat
1083 3663 1144 3724 quid

53 3732 82 3777 ef
99 3729 144 3791 qui
156 3729 230 3779 sirum
242 3730 292 3778 iter
307 3730 411 3791 agebat,
426 3731 523 3790 quando
533 3733 588 3791 post
613 3730 677 3779 desit
687 3731 745 3779 sibi.
753 3731 791 3778 td
799 3732 979 3792 perfectionem
990 3733 1076 3794 utique
1084 3732 1145 3793 quid

53 3796 264 3863 resurrectionem
271 3797 457 3846 ebserristus
465 3798 587 3858 adiunxit,
613 3798 692 3858 desit,
701 3813 751 3847 non
762 3800 793 3847 ad
808 3800 881 3849 istius
890 3802 998 3861 corporis
1007 3803 1099 3860 vitam,
1111 3801 1144 3849 do

53 3875 172 3921 sermone
185 3863 271 3915 mutuo
286 3865 447 3914 conferebant
456 3865 586 3914 dicentes:
613 3879 661 3926 quo
678 3868 798 3927 propbeta
816 3869 895 3916 David
913 3870 1030 3930 cupiebat
1048 3866 1144 3915 absolvi

54 3933 143 3981 boene
152 3945 194 3981 cor
202 3936 310 3983 mirum
319 3935 404 3983 ardeas
414 3936 465 3982 erat
475 3935 501 3981 ia
510 3934 587 3993 nebia,
613 3933 697 3982 dicens
717 3948 724 3981 ε
742 3939 792 3983 Heu
805 3935 860 3984 arc?
875 3939 931 3997 pain
950 3938 1064 3984 incedatur
1079 3946 1144 3981 meur

48 3996 111 4049 'usn
127 4001 230 4060 operiret
241 4002 309 4050 nobie
323 4000 473 4063 Scripturas?
487 4001 546 4049 fdeo
561 4004 587 4051 et
612 4004 817 4063 proforrpnfnacsf,
828 4007 850 4052 oi
861 4005 1026 4052 frnbifnofcran
1035 4002 1143 4050 babitan-

56 4064 179 4119 marnoa
192 4069 278 4130 venit,
290 4068 321 4120 ut
329 4068 414 4131 fanen
424 4068 489 4119 hunc
500 4069 527 4118 in
537 4068 588 4120 ter·
613 4071 673 4121 fabra
683 4073 767 4121 cecina.
778 4072 891 4133 maulim
907 4071 1002 4120 dierum
1013 4073 1147 4120 numerum
