<?xml version="1.0" encoding="UTF-8"?>
<!DOCTYPE html PUBLIC "-//W3C//DTD XHTML 1.0 Transitional//EN"
    "http://www.w3.org/TR/xhtml1/DTD/xhtml1-transitional.dtd">
<html xmlns="http://www.w3.org/1999/xhtml" xml:lang="en" lang="en">
 <head>
  <title>
</title>
<meta http-equiv="Content-Type" content="text/html;charset=utf-8" />
  <meta name='ocr-system' content='tesseract 3.04.00' />
  <meta name='ocr-capabilities' content='ocr_page ocr_carea ocr_par ocr_line ocrx_word'/>
</head>
<body>
  <div class='ocr_page' id='page_1' title='image "./operaomnia00ambrgoog_0275.png"; bbox 0 0 2760 4794; ppageno 0'>
   <div class='ocr_carea' id='block_1_1' title="bbox 100 452 788 507">
    <p class='ocr_par' dir='ltr' id='par_1_1' title="bbox 100 452 788 507">
     <span class='ocr_line' id='line_1_1' title="bbox 100 452 788 507; baseline 0.001 -8"><span class='ocrx_word' id='word_1_1' title='bbox 100 452 148 507; x_wconf 71' lang='lat'>278</span> <span class='ocrx_word' id='word_1_2' title='bbox 488 455 610 500; x_wconf 73' lang='lat' dir='ltr'>sonent</span> <span class='ocrx_word' id='word_1_3' title='bbox 625 456 788 501; x_wconf 79' lang='lat' dir='ltr'>smssnoslt</span> 
     </span>
    </p>
   </div>
   <div class='ocr_carea' id='block_1_2' title="bbox 73 534 1260 4160">
    <p class='ocr_par' dir='ltr' id='par_1_2' title="bbox 73 534 1260 4160">
     <span class='ocr_line' id='line_1_2' title="bbox 96 534 1188 599; baseline -0.004 -13"><span class='ocrx_word' id='word_1_4' title='bbox 96 537 230 599; x_wconf 82' lang='lat' dir='ltr'>linquendo</span> <span class='ocrx_word' id='word_1_5' title='bbox 240 542 245 546; x_wconf 85' lang='grc'><em>“</em></span> <span class='ocrx_word' id='word_1_6' title='bbox 254 535 401 597; x_wconf 80' lang='lat' dir='ltr'>propinquos</span> <span class='ocrx_word' id='word_1_7' title='bbox 428 536 508 584; x_wconf 86' lang='lat' dir='ltr'>Demn</span> <span class='ocrx_word' id='word_1_8' title='bbox 526 535 624 585; x_wconf 82' lang='lat' dir='ltr'>secutus</span> <span class='ocrx_word' id='word_1_9' title='bbox 649 535 831 595; x_wconf 71' lang='lat' dir='ltr'>prepossitum</span> <span class='ocrx_word' id='word_1_10' title='bbox 843 536 960 583; x_wconf 79' lang='lat' dir='ltr'>Dominus</span> <span class='ocrx_word' id='word_1_11' title='bbox 972 535 999 582; x_wconf 93' lang='lat' dir='ltr'>in</span> <span class='ocrx_word' id='word_1_12' title='bbox 1007 534 1122 596; x_wconf 76' lang='lat' dir='ltr'><strong>portione</strong></span> <span class='ocrx_word' id='word_1_13' title='bbox 1130 546 1188 595; x_wconf 83' lang='lat' dir='ltr'>pos·</span> 
     </span>
     <span class='ocr_line' id='line_1_3' title="bbox 96 603 1187 666; baseline -0.005 -11"><span class='ocrx_word' id='word_1_14' title='bbox 96 606 188 664; x_wconf 83' lang='lat' dir='ltr'>tlrorit,</span> <span class='ocrx_word' id='word_1_15' title='bbox 209 604 288 666; x_wconf 88' lang='lat' dir='ltr'>portio</span> <span class='ocrx_word' id='word_1_16' title='bbox 309 603 412 651; x_wconf 81' lang='lat' dir='ltr'>Domini</span> <span class='ocrx_word' id='word_1_17' title='bbox 430 605 483 662; x_wconf 88' lang='lat' dir='ltr'>est,</span> <span class='ocrx_word' id='word_1_18' title='bbox 500 605 526 652; x_wconf 90' lang='lat' dir='ltr'>ot</span> <span class='ocrx_word' id='word_1_19' title='bbox 543 604 625 663; x_wconf 86' lang='lat' dir='ltr'>portio</span> <span class='ocrx_word' id='word_1_20' title='bbox 648 607 783 664; x_wconf 75' lang='lat' dir='ltr'>sessiones,</span> <span class='ocrx_word' id='word_1_21' title='bbox 797 606 823 653; x_wconf 90' lang='lat' dir='ltr'>in</span> <span class='ocrx_word' id='word_1_22' title='bbox 840 605 956 665; x_wconf 81' lang='lat' dir='ltr'>portione</span> <span class='ocrx_word' id='word_1_23' title='bbox 972 617 1060 652; x_wconf 80' lang='lat' dir='ltr'>annun</span> <span class='ocrx_word' id='word_1_24' title='bbox 1070 605 1115 664; x_wconf 88' lang='lat' dir='ltr'>,in</span> <span class='ocrx_word' id='word_1_25' title='bbox 1127 617 1187 664; x_wconf 91' lang='lat' dir='ltr'>por·</span> 
     </span>
     <span class='ocr_line' id='line_1_4' title="bbox 96 672 1186 733; baseline -0.006 -8"><span class='ocrx_word' id='word_1_26' title='bbox 96 676 163 725; x_wconf 83' lang='lat' dir='ltr'>Deus</span> <span class='ocrx_word' id='word_1_27' title='bbox 173 674 212 722; x_wconf 89' lang='lat' dir='ltr'>iiii</span> <span class='ocrx_word' id='word_1_28' title='bbox 225 675 276 733; x_wconf 74' lang='lat' dir='ltr'>est3</span> <span class='ocrx_word' id='word_1_29' title='bbox 294 672 453 721; x_wconf 78' lang='lat' dir='ltr'>bebetetiam</span> <span class='ocrx_word' id='word_1_30' title='bbox 465 672 542 721; x_wconf 77' lang='lat' dir='ltr'>vitem</span> <span class='ocrx_word' id='word_1_31' title='bbox 553 673 623 722; x_wconf 81' lang='lat' dir='ltr'>aetor-</span> <span class='ocrx_word' id='word_1_32' title='bbox 648 674 714 720; x_wconf 89' lang='lat' dir='ltr'>tione</span> <span class='ocrx_word' id='word_1_33' title='bbox 726 673 898 733; x_wconf 74' lang='lat' dir='ltr'>argentumin</span> <span class='ocrx_word' id='word_1_34' title='bbox 909 672 1021 732; x_wconf 78' lang='lat' dir='ltr'>portione</span> <span class='ocrx_word' id='word_1_35' title='bbox 1029 673 1148 730; x_wconf 80' lang='lat' dir='ltr'>honores,</span> <span class='ocrx_word' id='word_1_36' title='bbox 1158 673 1186 719; x_wconf 89' lang='lat' dir='ltr'>in</span> 
     </span>
     <span class='ocr_line' id='line_1_5' title="bbox 95 740 1185 804; baseline -0.006 -11"><span class='ocrx_word' id='word_1_37' title='bbox 95 755 154 793; x_wconf 77' lang='lat' dir='ltr'>usin</span> <span class='ocrx_word' id='word_1_38' title='bbox 164 756 172 790; x_wconf 79' lang='lat' dir='ltr'>s</span> <span class='ocrx_word' id='word_1_39' title='bbox 183 746 209 790; x_wconf 90' lang='lat' dir='ltr'>et</span> <span class='ocrx_word' id='word_1_40' title='bbox 226 743 286 804; x_wconf 84' lang='lat' dir='ltr'>quis</span> <span class='ocrx_word' id='word_1_41' title='bbox 301 743 402 802; x_wconf 89' lang='lat' dir='ltr'>oeeopto</span> <span class='ocrx_word' id='word_1_42' title='bbox 420 743 536 801; x_wconf 78' lang='lat' dir='ltr'>centuplo</span> <span class='ocrx_word' id='word_1_43' title='bbox 551 741 580 790; x_wconf 85' lang='lat' dir='ltr'>fit</span> <span class='ocrx_word' id='word_1_44' title='bbox 597 743 624 790; x_wconf 91' lang='lat' dir='ltr'>in</span> <span class='ocrx_word' id='word_1_45' title='bbox 648 742 760 800; x_wconf 76' lang='lat' dir='ltr'>portione</span> <span class='ocrx_word' id='word_1_46' title='bbox 779 742 952 791; x_wconf 69' lang='lat' dir='ltr'>nobilitatem:</span> <span class='ocrx_word' id='word_1_47' title='bbox 967 740 1097 801; x_wconf 75' lang='lat' dir='ltr'>proposuit</span> <span class='ocrx_word' id='word_1_48' title='bbox 1108 740 1185 787; x_wconf 81' lang='lat' dir='ltr'>etism</span> 
     </span>
     <span class='ocr_line' id='line_1_6' title="bbox 96 807 1185 871; baseline -0.006 -11"><span class='ocrx_word' id='word_1_49' title='bbox 96 811 144 860; x_wconf 83' lang='lat' dir='ltr'>loe</span> <span class='ocrx_word' id='word_1_50' title='bbox 167 812 257 859; x_wconf 71' lang='lat' dir='ltr'>suenio</span> <span class='ocrx_word' id='word_1_51' title='bbox 284 810 368 870; x_wconf 80' lang='lat' dir='ltr'>dives,</span> <span class='ocrx_word' id='word_1_52' title='bbox 393 809 483 871; x_wconf 87' lang='lat' dir='ltr'>dives,</span> <span class='ocrx_word' id='word_1_53' title='bbox 509 811 623 870; x_wconf 82' lang='lat' dir='ltr'>inquies,</span> <span class='ocrx_word' id='word_1_54' title='bbox 648 809 675 855; x_wconf 90' lang='lat' dir='ltr'>in</span> <span class='ocrx_word' id='word_1_55' title='bbox 688 809 800 868; x_wconf 90' lang='lat' dir='ltr'>portione</span> <span class='ocrx_word' id='word_1_56' title='bbox 812 823 839 858; x_wconf 85' lang='lat' dir='ltr'>se</span> <span class='ocrx_word' id='word_1_57' title='bbox 858 809 953 870; x_wconf 78' lang='lat' dir='ltr'>ipsunt.</span> <span class='ocrx_word' id='word_1_58' title='bbox 971 809 1055 857; x_wconf 82' lang='lat' dir='ltr'>liabeo</span> <span class='ocrx_word' id='word_1_59' title='bbox 1063 807 1185 868; x_wconf 83' lang='lat' dir='ltr'>plurimos</span> 
     </span>
     <span class='ocr_line' id='line_1_7' title="bbox 95 875 1184 939; baseline -0.006 -10"><span class='ocrx_word' id='word_1_60' title='bbox 95 879 171 929; x_wconf 82' lang='lat' dir='ltr'>intret</span> <span class='ocrx_word' id='word_1_61' title='bbox 186 880 213 927; x_wconf 89' lang='lat' dir='ltr'>in</span> <span class='ocrx_word' id='word_1_62' title='bbox 226 891 329 939; x_wconf 68' lang='lat' dir='ltr'>regnum</span> <span class='ocrx_word' id='word_1_63' title='bbox 344 879 471 929; x_wconf 87' lang='lat' dir='ltr'>coelorum.</span> <span class='ocrx_word' id='word_1_64' title='bbox 488 879 584 927; x_wconf 82' lang='lat' dir='ltr'>Deinde</span> <span class='ocrx_word' id='word_1_65' title='bbox 603 879 623 927; x_wconf 91' lang='lat' dir='ltr'>si</span> <span class='ocrx_word' id='word_1_66' title='bbox 648 877 790 936; x_wconf 82' lang='lat' dir='ltr'>portiones.</span> <span class='ocrx_word' id='word_1_67' title='bbox 805 878 870 938; x_wconf 68' lang='lat' dir='ltr'>elipe</span> <span class='ocrx_word' id='word_1_68' title='bbox 886 891 961 938; x_wconf 80' lang='lat' dir='ltr'>quam</span> <span class='ocrx_word' id='word_1_69' title='bbox 981 879 1066 938; x_wconf 82' lang='lat' dir='ltr'>putus.</span> <span class='ocrx_word' id='word_1_70' title='bbox 1084 878 1139 925; x_wconf 76' lang='lat' dir='ltr'>tion</span> <span class='ocrx_word' id='word_1_71' title='bbox 1157 875 1184 923; x_wconf 91' lang='lat' dir='ltr'>te</span> 
     </span>
     <span class='ocr_line' id='line_1_8' title="bbox 95 940 1184 1008; baseline -0.007 -12"><span class='ocrx_word' id='word_1_72' title='bbox 95 940 240 1007; x_wconf 77' lang='lat' dir='ltr'>centuplum</span> <span class='ocrx_word' id='word_1_73' title='bbox 258 946 299 996; x_wconf 84' lang='lat' dir='ltr'>dat</span> <span class='ocrx_word' id='word_1_74' title='bbox 319 947 439 995; x_wconf 83' lang='lat' dir='ltr'>Dominus</span> <span class='ocrx_word' id='word_1_75' title='bbox 457 960 555 1008; x_wconf 85' lang='lat' dir='ltr'>eorum,</span> <span class='ocrx_word' id='word_1_76' title='bbox 569 960 624 1008; x_wconf 77' lang='lat' dir='ltr'>ques</span> <span class='ocrx_word' id='word_1_77' title='bbox 648 958 766 994; x_wconf 85' lang='lat' dir='ltr'>numerus</span> <span class='ocrx_word' id='word_1_78' title='bbox 773 945 974 1006; x_wconf 56' lang='lat' dir='ltr'>perturbemus</span> <span class='ocrx_word' id='word_1_79' title='bbox 981 945 1080 994; x_wconf 82' lang='lat' dir='ltr'>excitet</span> <span class='ocrx_word' id='word_1_80' title='bbox 1089 943 1184 1004; x_wconf 72' lang='lat' dir='ltr'>grstia:</span> 
     </span>
     <span class='ocr_line' id='line_1_9' title="bbox 95 1012 1182 1076; baseline -0.005 -11"><span class='ocrx_word' id='word_1_81' title='bbox 95 1017 171 1065; x_wconf 83' lang='lat' dir='ltr'>etism</span> <span class='ocrx_word' id='word_1_82' title='bbox 194 1015 282 1076; x_wconf 80' lang='lat' dir='ltr'>simpla</span> <span class='ocrx_word' id='word_1_83' title='bbox 298 1017 505 1076; x_wconf 77' lang='lat' dir='ltr'>impedimentum</span> <span class='ocrx_word' id='word_1_84' title='bbox 527 1016 623 1063; x_wconf 71' lang='lat' dir='ltr'>adferre</span> <span class='ocrx_word' id='word_1_85' title='bbox 647 1026 704 1072; x_wconf 58' lang='lat' dir='ltr'>oon„</span> <span class='ocrx_word' id='word_1_86' title='bbox 714 1015 784 1062; x_wconf 86' lang='lat' dir='ltr'>labor</span> <span class='ocrx_word' id='word_1_87' title='bbox 796 1017 905 1074; x_wconf 77' lang='lat' dir='ltr'>evenat,</span> <span class='ocrx_word' id='word_1_88' title='bbox 917 1014 961 1063; x_wconf 87' lang='lat' dir='ltr'>sed</span> <span class='ocrx_word' id='word_1_89' title='bbox 975 1013 1072 1062; x_wconf 75' lang='lat' dir='ltr'>tructus</span> <span class='ocrx_word' id='word_1_90' title='bbox 1083 1012 1182 1061; x_wconf 84' lang='lat' dir='ltr'>invitet.</span> 
     </span>
     <span class='ocr_line' id='line_1_10' title="bbox 94 1083 1184 1144; baseline -0.004 -11"><span class='ocrx_word' id='word_1_91' title='bbox 94 1084 624 1144; x_wconf 76' lang='lat' dir='ltr'>consueruntsdperseptionemhaereditatis</span> <span class='ocrx_word' id='word_1_92' title='bbox 648 1085 674 1131; x_wconf 91' lang='lat' dir='ltr'>ln</span> <span class='ocrx_word' id='word_1_93' title='bbox 692 1085 806 1144; x_wconf 87' lang='lat' dir='ltr'>portione</span> <span class='ocrx_word' id='word_1_94' title='bbox 820 1085 907 1143; x_wconf 79' lang='lat' dir='ltr'>divina</span> <span class='ocrx_word' id='word_1_95' title='bbox 922 1084 1028 1143; x_wconf 73' lang='lat' dir='ltr'>gemitus</span> <span class='ocrx_word' id='word_1_96' title='bbox 1043 1085 1072 1131; x_wconf 89' lang='lat' dir='ltr'>et</span> <span class='ocrx_word' id='word_1_97' title='bbox 1086 1083 1184 1130; x_wconf 80' lang='lat' dir='ltr'>labores</span> 
     </span>
     <span class='ocr_line' id='line_1_11' title="bbox 94 1149 1183 1215; baseline -0.007 -10"><span class='ocrx_word' id='word_1_98' title='bbox 94 1155 193 1205; x_wconf 70' lang='lat' dir='ltr'>sums</span> <span class='ocrx_word' id='word_1_99' title='bbox 205 1168 212 1200; x_wconf 72' lang='grc' dir='ltr'><strong>ι</strong></span> <span class='ocrx_word' id='word_1_100' title='bbox 224 1156 323 1201; x_wconf 87' lang='lat' dir='ltr'>eentum</span> <span class='ocrx_word' id='word_1_101' title='bbox 331 1166 388 1214; x_wconf 83' lang='lat' dir='ltr'>ergo</span> <span class='ocrx_word' id='word_1_102' title='bbox 395 1155 561 1215; x_wconf 89' lang='lat' dir='ltr'>possessiones</span> <span class='ocrx_word' id='word_1_103' title='bbox 568 1155 623 1202; x_wconf 80' lang='lat' dir='ltr'>red·</span> <span class='ocrx_word' id='word_1_104' title='bbox 647 1153 713 1199; x_wconf 88' lang='lat' dir='ltr'>sunt.</span> <span class='ocrx_word' id='word_1_105' title='bbox 725 1154 795 1201; x_wconf 84' lang='lat' dir='ltr'>Unde</span> <span class='ocrx_word' id='word_1_106' title='bbox 812 1153 838 1201; x_wconf 90' lang='lat' dir='ltr'>et</span> <span class='ocrx_word' id='word_1_107' title='bbox 856 1153 955 1200; x_wconf 79' lang='lat' dir='ltr'>sanetus</span> <span class='ocrx_word' id='word_1_108' title='bbox 973 1151 1119 1212; x_wconf 78' lang='lat' dir='ltr'>Apostolus,</span> <span class='ocrx_word' id='word_1_109' title='bbox 1142 1149 1183 1198; x_wconf 88' lang='lat' dir='ltr'>eni</span> 
     </span>
     <span class='ocr_line' id='line_1_12' title="bbox 95 1220 1183 1284; baseline -0.004 -12"><span class='ocrx_word' id='word_1_110' title='bbox 95 1223 132 1272; x_wconf 84' lang='lat' dir='ltr'>dit</span> <span class='ocrx_word' id='word_1_111' title='bbox 142 1235 187 1284; x_wconf 89' lang='lat' dir='ltr'>pro</span> <span class='ocrx_word' id='word_1_112' title='bbox 197 1236 247 1271; x_wconf 88' lang='lat' dir='ltr'>uno</span> <span class='ocrx_word' id='word_1_113' title='bbox 257 1222 423 1284; x_wconf 86' lang='lat' dir='ltr'>possessione,</span> <span class='ocrx_word' id='word_1_114' title='bbox 434 1224 533 1270; x_wconf 88' lang='lat' dir='ltr'>eentum</span> <span class='ocrx_word' id='word_1_115' title='bbox 543 1223 623 1283; x_wconf 86' lang='lat' dir='ltr'>pondo</span> <span class='ocrx_word' id='word_1_116' title='bbox 646 1221 727 1279; x_wconf 89' lang='lat' dir='ltr'>portio</span> <span class='ocrx_word' id='word_1_117' title='bbox 746 1223 814 1269; x_wconf 90' lang='lat' dir='ltr'>Deus</span> <span class='ocrx_word' id='word_1_118' title='bbox 836 1221 902 1280; x_wconf 79' lang='lat' dir='ltr'>eret,</span> <span class='ocrx_word' id='word_1_119' title='bbox 916 1220 967 1267; x_wconf 85' lang='lat' dir='ltr'>ait:</span> <span class='ocrx_word' id='word_1_120' title='bbox 978 1222 1087 1268; x_wconf 76' lang='lat' dir='ltr'>Heredes</span> <span class='ocrx_word' id='word_1_121' title='bbox 1102 1233 1183 1268; x_wconf 76' lang='lat' dir='ltr'>mmsis</span> 
     </span>
     <span class='ocr_line' id='line_1_13' title="bbox 94 1289 1246 1355; baseline -0.005 -14"><span class='ocrx_word' id='word_1_122' title='bbox 94 1292 148 1341; x_wconf 81' lang='lat' dir='ltr'>suri</span> <span class='ocrx_word' id='word_1_123' title='bbox 159 1305 263 1351; x_wconf 86' lang='lat' dir='ltr'>pronun</span> <span class='ocrx_word' id='word_1_124' title='bbox 276 1292 395 1355; x_wconf 80' lang='lat' dir='ltr'>pondere.</span> <span class='ocrx_word' id='word_1_125' title='bbox 647 1291 705 1346; x_wconf 85' lang='lat' dir='ltr'>Dei,</span> <span class='ocrx_word' id='word_1_126' title='bbox 720 1290 847 1338; x_wconf 82' lang='lat' dir='ltr'>eolsnredes</span> <span class='ocrx_word' id='word_1_127' title='bbox 862 1289 1055 1346; x_wconf 67' lang='lat' dir='ltr'>omoeoeusion,</span> <span class='ocrx_word' id='word_1_128' title='bbox 1067 1290 1090 1336; x_wconf 84' lang='lat' dir='ltr'>si</span> <span class='ocrx_word' id='word_1_129' title='bbox 1103 1291 1182 1336; x_wconf 77' lang='lat' dir='ltr'>tomen</span> <span class='ocrx_word' id='word_1_130' title='bbox 1231 1300 1246 1327; x_wconf 63' lang='grc' dir='ltr'><em>τ</em></span> 
     </span>
     <span class='ocr_line' id='line_1_14' title="bbox 125 1355 1182 1422; baseline -0.003 -17"><span class='ocrx_word' id='word_1_131' title='bbox 125 1359 163 1406; x_wconf 81' lang='lat' dir='ltr'>ll.</span> <span class='ocrx_word' id='word_1_132' title='bbox 175 1361 263 1408; x_wconf 85' lang='lat' dir='ltr'>linitos</span> <span class='ocrx_word' id='word_1_133' title='bbox 271 1359 371 1421; x_wconf 84' lang='lat' dir='ltr'>quidem</span> <span class='ocrx_word' id='word_1_134' title='bbox 383 1359 409 1406; x_wconf 90' lang='lat' dir='ltr'>in</span> <span class='ocrx_word' id='word_1_135' title='bbox 420 1359 466 1408; x_wconf 86' lang='lat' dir='ltr'>hoe</span> <span class='ocrx_word' id='word_1_136' title='bbox 479 1361 569 1408; x_wconf 82' lang='lat' dir='ltr'>ssecnlo</span> <span class='ocrx_word' id='word_1_137' title='bbox 579 1360 623 1422; x_wconf 89' lang='lat' dir='ltr'>qui</span> <span class='ocrx_word' id='word_1_138' title='bbox 647 1360 803 1416; x_wconf 81' lang='lat' dir='ltr'>emnpetimur</span> <span class='ocrx_word' id='word_1_139' title='bbox 810 1355 1182 1417; x_wconf 70' lang='lat' dir='ltr'>,utsimutqtmtsieemumvides</span> 
     </span>
     <span class='ocr_line' id='line_1_15' title="bbox 93 1424 1183 1489; baseline -0.004 -13"><span class='ocrx_word' id='word_1_140' title='bbox 93 1441 139 1476; x_wconf 81' lang='lat' dir='ltr'>sus</span> <span class='ocrx_word' id='word_1_141' title='bbox 155 1429 306 1489; x_wconf 78' lang='lat' dir='ltr'>pauperibus</span> <span class='ocrx_word' id='word_1_142' title='bbox 331 1429 486 1476; x_wconf 78' lang='lat' dir='ltr'>donaverunt</span> <span class='ocrx_word' id='word_1_143' title='bbox 507 1429 622 1477; x_wconf 84' lang='lat' dir='ltr'>uberiore</span> <span class='ocrx_word' id='word_1_144' title='bbox 647 1424 1183 1485; x_wconf 76' lang='lat' dir='ltr'>uuisubihaereditaschristiest,ibidebeat</span> 
     </span>
     <span class='ocr_line' id='line_1_16' title="bbox 93 1492 1182 1558; baseline -0.006 -12"><span class='ocrx_word' id='word_1_145' title='bbox 93 1499 208 1546; x_wconf 80' lang='lat' dir='ltr'>thesauro</span> <span class='ocrx_word' id='word_1_146' title='bbox 229 1497 391 1557; x_wconf 82' lang='lat' dir='ltr'>locupletatos</span> <span class='ocrx_word' id='word_1_147' title='bbox 408 1497 483 1545; x_wconf 78' lang='lat' dir='ltr'>fuisse</span> <span class='ocrx_word' id='word_1_148' title='bbox 507 1500 623 1558; x_wconf 78' lang='lat' dir='ltr'>cognovi·</span> <span class='ocrx_word' id='word_1_149' title='bbox 648 1504 701 1540; x_wconf 88' lang='lat' dir='ltr'>esso</span> <span class='ocrx_word' id='word_1_150' title='bbox 712 1494 857 1554; x_wconf 83' lang='lat' dir='ltr'>compassio.</span> <span class='ocrx_word' id='word_1_151' title='bbox 866 1494 913 1551; x_wconf 84' lang='lat' dir='ltr'>Qui</span> <span class='ocrx_word' id='word_1_152' title='bbox 925 1492 1007 1540; x_wconf 80' lang='lat' dir='ltr'>autem</span> <span class='ocrx_word' id='word_1_153' title='bbox 1017 1493 1182 1554; x_wconf 80' lang='lat' dir='ltr'>compotitur,</span> 
     </span>
     <span class='ocr_line' id='line_1_17' title="bbox 93 1561 1182 1627; baseline -0.004 -13"><span class='ocrx_word' id='word_1_154' title='bbox 93 1579 156 1615; x_wconf 87' lang='lat' dir='ltr'>snus.</span> <span class='ocrx_word' id='word_1_155' title='bbox 172 1568 202 1614; x_wconf 85' lang='lat' dir='ltr'>m</span> <span class='ocrx_word' id='word_1_156' title='bbox 211 1566 393 1627; x_wconf 83' lang='lat' dir='ltr'>pulcherrimus</span> <span class='ocrx_word' id='word_1_157' title='bbox 408 1565 491 1624; x_wconf 83' lang='lat' dir='ltr'>loeus.</span> <span class='ocrx_word' id='word_1_158' title='bbox 508 1568 537 1613; x_wconf 88' lang='lat' dir='ltr'>ut</span> <span class='ocrx_word' id='word_1_159' title='bbox 547 1566 622 1616; x_wconf 83' lang='lat' dir='ltr'>etism</span> <span class='ocrx_word' id='word_1_160' title='bbox 646 1574 696 1608; x_wconf 81' lang='lat' dir='ltr'>non</span> <span class='ocrx_word' id='word_1_161' title='bbox 713 1561 883 1622; x_wconf 87' lang='lat' dir='ltr'>periunetorie</span> <span class='ocrx_word' id='word_1_162' title='bbox 904 1561 1073 1622; x_wconf 82' lang='lat' dir='ltr'>compatitur,</span> <span class='ocrx_word' id='word_1_163' title='bbox 1093 1562 1138 1611; x_wconf 85' lang='lat' dir='ltr'>sed</span> <span class='ocrx_word' id='word_1_164' title='bbox 1153 1562 1182 1613; x_wconf 79' lang='lat' dir='ltr'>ut</span> 
     </span>
     <span class='ocr_line' id='line_1_18' title="bbox 94 1630 1182 1693; baseline -0.005 -10"><span class='ocrx_word' id='word_1_165' title='bbox 94 1634 323 1683; x_wconf 75' lang='lat' dir='ltr'>admiserioordism</span> <span class='ocrx_word' id='word_1_166' title='bbox 333 1634 507 1693; x_wconf 79' lang='lat' dir='ltr'>provocentur.</span> <span class='ocrx_word' id='word_1_167' title='bbox 520 1634 622 1683; x_wconf 88' lang='lat' dir='ltr'>Sednon</span> <span class='ocrx_word' id='word_1_168' title='bbox 647 1630 817 1679; x_wconf 79' lang='lat' dir='ltr'>tribulationes</span> <span class='ocrx_word' id='word_1_169' title='bbox 827 1631 918 1678; x_wconf 84' lang='lat' dir='ltr'>Christi</span> <span class='ocrx_word' id='word_1_170' title='bbox 929 1631 956 1678; x_wconf 95' lang='lat' dir='ltr'>in</span> <span class='ocrx_word' id='word_1_171' title='bbox 967 1642 1070 1691; x_wconf 86' lang='lat' dir='ltr'>corpore</span> <span class='ocrx_word' id='word_1_172' title='bbox 1081 1644 1125 1679; x_wconf 89' lang='lat' dir='ltr'>suo</span> <span class='ocrx_word' id='word_1_173' title='bbox 1135 1631 1182 1678; x_wconf 88' lang='lat' dir='ltr'>im·</span> 
     </span>
     <span class='ocr_line' id='line_1_19' title="bbox 94 1697 1182 1767; baseline -0.004 -16"><span class='ocrx_word' id='word_1_174' title='bbox 94 1703 186 1752; x_wconf 88' lang='lat' dir='ltr'>debent</span> <span class='ocrx_word' id='word_1_175' title='bbox 196 1703 471 1750; x_wconf 82' lang='lat' dir='ltr'>sDominosaeoularem</span> <span class='ocrx_word' id='word_1_176' title='bbox 480 1703 620 1761; x_wconf 78' lang='lat' dir='ltr'>huiusmodi</span> <span class='ocrx_word' id='word_1_177' title='bbox 646 1699 730 1758; x_wconf 78' lang='lat' dir='ltr'>ploni,</span> <span class='ocrx_word' id='word_1_178' title='bbox 741 1698 805 1755; x_wconf 81' lang='lat' dir='ltr'>sient</span> <span class='ocrx_word' id='word_1_179' title='bbox 813 1698 934 1758; x_wconf 86' lang='lat' dir='ltr'>implebat</span> <span class='ocrx_word' id='word_1_180' title='bbox 944 1697 969 1745; x_wconf 91' lang='lat' dir='ltr'>et</span> <span class='ocrx_word' id='word_1_181' title='bbox 976 1699 1068 1745; x_wconf 79' lang='lat' dir='ltr'>Paulus</span> <span class='ocrx_word' id='word_1_182' title='bbox 1075 1730 1083 1757; x_wconf 95' lang='lat'>‚</span> <span class='ocrx_word' id='word_1_183' title='bbox 1091 1698 1182 1767; x_wconf 84' lang='lat' dir='ltr'>imple·</span> 
     </span>
     <span class='ocr_line' id='line_1_20' title="bbox 93 1764 1180 1834; baseline -0.006 -14"><span class='ocrx_word' id='word_1_184' title='bbox 93 1772 194 1832; x_wconf 72' lang='lat' dir='ltr'>exigere</span> <span class='ocrx_word' id='word_1_185' title='bbox 212 1770 368 1830; x_wconf 86' lang='lat' dir='ltr'>mercedem,</span> <span class='ocrx_word' id='word_1_186' title='bbox 386 1783 433 1819; x_wconf 85' lang='lat' dir='ltr'>neo</span> <span class='ocrx_word' id='word_1_187' title='bbox 451 1784 550 1832; x_wconf 82' lang='lat' dir='ltr'>sperare</span> <span class='ocrx_word' id='word_1_188' title='bbox 567 1786 621 1834; x_wconf 78' lang='lat' dir='ltr'>quae</span> <span class='ocrx_word' id='word_1_189' title='bbox 646 1765 688 1813; x_wconf 86' lang='lat' dir='ltr'>bot</span> <span class='ocrx_word' id='word_1_190' title='bbox 698 1767 888 1825; x_wconf 82' lang='lat' dir='ltr'>etllieremiss,</span> <span class='ocrx_word' id='word_1_191' title='bbox 900 1765 945 1824; x_wconf 89' lang='lat' dir='ltr'>qni</span> <span class='ocrx_word' id='word_1_192' title='bbox 962 1764 997 1813; x_wconf 88' lang='lat' dir='ltr'>nit</span> <span class='ocrx_word' id='word_1_193' title='bbox 1007 1765 1054 1814; x_wconf 87' lang='lat' dir='ltr'>sub</span> <span class='ocrx_word' id='word_1_194' title='bbox 1069 1766 1180 1827; x_wconf 76' lang='lat' dir='ltr'>meipsa</span> 
     </span>
     <span class='ocr_line' id='line_1_21' title="bbox 93 1834 1181 1900; baseline -0.001 -16"><span class='ocrx_word' id='word_1_195' title='bbox 93 1840 179 1889; x_wconf 81' lang='lat' dir='ltr'>mundi</span> <span class='ocrx_word' id='word_1_196' title='bbox 197 1840 256 1889; x_wconf 82' lang='lat' dir='ltr'>sunt</span> <span class='ocrx_word' id='word_1_197' title='bbox 272 1840 335 1888; x_wconf 81' lang='lat' dir='ltr'>ssed</span> <span class='ocrx_word' id='word_1_198' title='bbox 355 1839 433 1900; x_wconf 75' lang='lat' dir='ltr'>magis</span> <span class='ocrx_word' id='word_1_199' title='bbox 451 1840 509 1900; x_wconf 83' lang='lat' dir='ltr'>quia</span> <span class='ocrx_word' id='word_1_200' title='bbox 527 1840 558 1889; x_wconf 81' lang='lat' dir='ltr'>iis</span> <span class='ocrx_word' id='word_1_201' title='bbox 577 1841 621 1900; x_wconf 74' lang='lat' dir='ltr'>qui</span> <span class='ocrx_word' id='word_1_202' title='bbox 646 1834 1181 1897; x_wconf 65' lang='lat' dir='ltr'>littermdls&#39;sem&#39;eords’aDoms&#39;ns&#39;estquodnoss</span> 
     </span>
     <span class='ocr_line' id='line_1_22' title="bbox 92 1906 1181 1970; baseline -0.003 -13"><span class='ocrx_word' id='word_1_203' title='bbox 92 1909 176 1957; x_wconf 82' lang='lat' dir='ltr'>omnio</span> <span class='ocrx_word' id='word_1_204' title='bbox 198 1909 360 1970; x_wconf 77' lang='lat' dir='ltr'>reliquerint,</span> <span class='ocrx_word' id='word_1_205' title='bbox 381 1910 448 1957; x_wconf 86' lang='lat' dir='ltr'>Deus</span> <span class='ocrx_word' id='word_1_206' title='bbox 472 1910 552 1969; x_wconf 90' lang='lat' dir='ltr'>portio</span> <span class='ocrx_word' id='word_1_207' title='bbox 574 1911 622 1958; x_wconf 85' lang='lat' dir='ltr'>est.</span> <span class='ocrx_word' id='word_1_208' title='bbox 645 1906 780 1965; x_wconf 65' lang='lat' dir='ltr'>(telesinum</span> <span class='ocrx_word' id='word_1_209' title='bbox 802 1907 857 1965; x_wconf 83' lang='lat' dir='ltr'>quia</span> <span class='ocrx_word' id='word_1_210' title='bbox 874 1917 923 1950; x_wconf 87' lang='lat' dir='ltr'>non</span> <span class='ocrx_word' id='word_1_211' title='bbox 940 1907 995 1953; x_wconf 88' lang='lat' dir='ltr'>sunt</span> <span class='ocrx_word' id='word_1_212' title='bbox 1010 1909 1181 1954; x_wconf 77' lang='lat' dir='ltr'>consummate</span> 
     </span>
     <span class='ocr_line' id='line_1_23' title="bbox 93 1973 1181 2040; baseline -0.002 -14"><span class='ocrx_word' id='word_1_213' title='bbox 93 1981 149 2039; x_wconf 62' lang='lat' dir='ltr'>lpse</span> <span class='ocrx_word' id='word_1_214' title='bbox 166 1980 204 2028; x_wconf 84' lang='lat' dir='ltr'>est</span> <span class='ocrx_word' id='word_1_215' title='bbox 214 1979 301 2040; x_wconf 88' lang='lat' dir='ltr'>ntique</span> <span class='ocrx_word' id='word_1_216' title='bbox 312 1990 407 2027; x_wconf 83' lang='lat' dir='ltr'>meroes</span> <span class='ocrx_word' id='word_1_217' title='bbox 422 1977 531 2038; x_wconf 76' lang='lat' dir='ltr'>persecu</span> <span class='ocrx_word' id='word_1_218' title='bbox 541 1977 621 2026; x_wconf 81' lang='lat' dir='ltr'>virtu.</span> <span class='ocrx_word' id='word_1_219' title='bbox 645 1974 806 2022; x_wconf 77' lang='lat' dir='ltr'>miserationes</span> <span class='ocrx_word' id='word_1_220' title='bbox 819 1976 869 2032; x_wconf 80' lang='lat' dir='ltr'>ejus</span> <span class='ocrx_word' id='word_1_221' title='bbox 885 1973 1028 2023; x_wconf 77' lang='lat' dir='ltr'>:reomatis</span> <span class='ocrx_word' id='word_1_222' title='bbox 1045 1975 1102 2023; x_wconf 77' lang='lat' dir='ltr'>ottus</span> <span class='ocrx_word' id='word_1_223' title='bbox 1122 1977 1181 2024; x_wconf 81' lang='lat' dir='ltr'>sieut</span> 
     </span>
     <span class='ocr_line' id='line_1_24' title="bbox 92 2041 1181 2108; baseline -0.003 -13"><span class='ocrx_word' id='word_1_224' title='bbox 92 2053 162 2107; x_wconf 87' lang='lat' dir='ltr'>tum,</span> <span class='ocrx_word' id='word_1_225' title='bbox 172 2048 216 2108; x_wconf 85' lang='lat' dir='ltr'>qni</span> <span class='ocrx_word' id='word_1_226' title='bbox 228 2060 278 2096; x_wconf 85' lang='lat' dir='ltr'>non</span> <span class='ocrx_word' id='word_1_227' title='bbox 292 2048 404 2107; x_wconf 78' lang='lat' dir='ltr'>centupli</span> <span class='ocrx_word' id='word_1_228' title='bbox 417 2046 621 2108; x_wconf 81' lang='lat' dir='ltr'>enumeratione,</span> <span class='ocrx_word' id='word_1_229' title='bbox 645 2041 688 2088; x_wconf 85' lang='lat' dir='ltr'>tuae</span> <span class='ocrx_word' id='word_1_230' title='bbox 699 2045 824 2091; x_wconf 84' lang='lat' dir='ltr'>matutino.</span> <span class='ocrx_word' id='word_1_231' title='bbox 832 2043 903 2091; x_wconf 86' lang='lat' dir='ltr'>Multi</span> <span class='ocrx_word' id='word_1_232' title='bbox 911 2045 965 2090; x_wconf 86' lang='lat' dir='ltr'>snut</span> <span class='ocrx_word' id='word_1_233' title='bbox 976 2044 1076 2102; x_wconf 79' lang='lat' dir='ltr'>pemitus</span> <span class='ocrx_word' id='word_1_234' title='bbox 1088 2046 1148 2102; x_wconf 86' lang='lat' dir='ltr'>mei,</span> <span class='ocrx_word' id='word_1_235' title='bbox 1159 2047 1181 2095; x_wconf 90' lang='lat' dir='ltr'>et</span> 
     </span>
     <span class='ocr_line' id='line_1_25' title="bbox 92 2113 1201 2178; baseline -0.003 -13"><span class='ocrx_word' id='word_1_236' title='bbox 92 2117 137 2165; x_wconf 87' lang='lat' dir='ltr'>sed</span> <span class='ocrx_word' id='word_1_237' title='bbox 151 2116 269 2178; x_wconf 79' lang='lat' dir='ltr'>perlectae</span> <span class='ocrx_word' id='word_1_238' title='bbox 282 2116 446 2176; x_wconf 86' lang='lat' dir='ltr'>plenitudinis</span> <span class='ocrx_word' id='word_1_239' title='bbox 459 2116 621 2165; x_wconf 74' lang='lat' dir='ltr'>restimotione</span> <span class='ocrx_word' id='word_1_240' title='bbox 646 2124 686 2158; x_wconf 83' lang='lat' dir='ltr'>cor</span> <span class='ocrx_word' id='word_1_241' title='bbox 703 2125 781 2161; x_wconf 87' lang='lat' dir='ltr'>meum</span> <span class='ocrx_word' id='word_1_242' title='bbox 798 2113 889 2163; x_wconf 79' lang='lat' dir='ltr'>deiecit.</span> <span class='ocrx_word' id='word_1_243' title='bbox 900 2114 956 2161; x_wconf 81' lang='lat' dir='ltr'>sors</span> <span class='ocrx_word' id='word_1_244' title='bbox 976 2125 1030 2159; x_wconf 80' lang='lat' dir='ltr'>noea</span> <span class='ocrx_word' id='word_1_245' title='bbox 1047 2114 1201 2171; x_wconf 74' lang='lat' dir='ltr'>Dominus„</span> 
     </span>
     <span class='ocr_line' id='line_1_26' title="bbox 92 2181 1180 2245; baseline -0.002 -14"><span class='ocrx_word' id='word_1_246' title='bbox 92 2185 215 2234; x_wconf 82' lang='lat' dir='ltr'>censetur.</span> <span class='ocrx_word' id='word_1_247' title='bbox 227 2187 292 2245; x_wconf 75' lang='lat' dir='ltr'>Epo,</span> <span class='ocrx_word' id='word_1_248' title='bbox 309 2184 406 2244; x_wconf 86' lang='lat' dir='ltr'>inquit,</span> <span class='ocrx_word' id='word_1_249' title='bbox 423 2187 486 2232; x_wconf 85' lang='lat' dir='ltr'>Deus</span> <span class='ocrx_word' id='word_1_250' title='bbox 498 2186 551 2231; x_wconf 90' lang='lat' dir='ltr'>tuus</span> <span class='ocrx_word' id='word_1_251' title='bbox 558 2197 620 2231; x_wconf 82' lang='lat' dir='ltr'>sum.</span> <span class='ocrx_word' id='word_1_252' title='bbox 645 2181 708 2240; x_wconf 79' lang='lat' dir='ltr'>disi3</span> <span class='ocrx_word' id='word_1_253' title='bbox 720 2184 769 2230; x_wconf 86' lang='lat' dir='ltr'>ideo</span> <span class='ocrx_word' id='word_1_254' title='bbox 779 2182 895 2230; x_wconf 85' lang='lat' dir='ltr'>sustinebo</span> <span class='ocrx_word' id='word_1_255' title='bbox 903 2196 965 2229; x_wconf 86' lang='lat' dir='ltr'>eum.</span> <span class='ocrx_word' id='word_1_256' title='bbox 976 2181 1025 2238; x_wconf 80' lang='lat' dir='ltr'>Qui</span> <span class='ocrx_word' id='word_1_257' title='bbox 1039 2193 1100 2242; x_wconf 77' lang='lat' dir='ltr'>ergo</span> <span class='ocrx_word' id='word_1_258' title='bbox 1108 2184 1180 2231; x_wconf 87' lang='lat' dir='ltr'>susti-</span> 
     </span>
     <span class='ocr_line' id='line_1_27' title="bbox 91 2248 1181 2314; baseline -0.002 -14"><span class='ocrx_word' id='word_1_259' title='bbox 91 2254 144 2301; x_wconf 82' lang='lat' dir='ltr'>lion</span> <span class='ocrx_word' id='word_1_260' title='bbox 158 2253 238 2314; x_wconf 76' lang='lat' dir='ltr'>dixit,</span> <span class='ocrx_word' id='word_1_261' title='bbox 257 2265 316 2312; x_wconf 86' lang='lat' dir='ltr'>ero,</span> <span class='ocrx_word' id='word_1_262' title='bbox 329 2252 373 2300; x_wconf 92' lang='lat' dir='ltr'>sed</span> <span class='ocrx_word' id='word_1_263' title='bbox 381 2252 432 2310; x_wconf 82' lang='lat' dir='ltr'>jem</span> <span class='ocrx_word' id='word_1_264' title='bbox 444 2265 513 2310; x_wconf 89' lang='lat' dir='ltr'>sum,</span> <span class='ocrx_word' id='word_1_265' title='bbox 523 2252 574 2310; x_wconf 84' lang='lat' dir='ltr'>jam</span> <span class='ocrx_word' id='word_1_266' title='bbox 582 2253 622 2300; x_wconf 83' lang='lat' dir='ltr'>in·</span> <span class='ocrx_word' id='word_1_267' title='bbox 645 2248 688 2295; x_wconf 88' lang='lat' dir='ltr'>net</span> <span class='ocrx_word' id='word_1_268' title='bbox 697 2250 904 2308; x_wconf 86' lang='lat' dir='ltr'>Dominum,sors</span> <span class='ocrx_word' id='word_1_269' title='bbox 912 2249 1010 2297; x_wconf 89' lang='lat' dir='ltr'>Domini</span> <span class='ocrx_word' id='word_1_270' title='bbox 1020 2251 1067 2296; x_wconf 88' lang='lat' dir='ltr'>esi.</span> <span class='ocrx_word' id='word_1_271' title='bbox 1078 2250 1148 2297; x_wconf 86' lang='lat' dir='ltr'>Unde</span> <span class='ocrx_word' id='word_1_272' title='bbox 1154 2254 1181 2298; x_wconf 85' lang='lat' dir='ltr'>et</span> 
     </span>
     <span class='ocr_line' id='line_1_28' title="bbox 92 2316 1180 2382; baseline -0.003 -12"><span class='ocrx_word' id='word_1_273' title='bbox 92 2319 620 2382; x_wconf 71' lang='lat' dir='ltr'>lisbito,1ampossideo.Aufertdilationem,</span> <span class='ocrx_word' id='word_1_274' title='bbox 645 2316 726 2365; x_wconf 77' lang='lat' dir='ltr'>David</span> <span class='ocrx_word' id='word_1_275' title='bbox 746 2319 789 2378; x_wconf 83' lang='lat' dir='ltr'>qui</span> <span class='ocrx_word' id='word_1_276' title='bbox 808 2319 843 2367; x_wconf 85' lang='lat' dir='ltr'>ait</span> <span class='ocrx_word' id='word_1_277' title='bbox 858 2320 981 2367; x_wconf 86' lang='lat' dir='ltr'>:Sustinui</span> <span class='ocrx_word' id='word_1_278' title='bbox 999 2320 1146 2376; x_wconf 72' lang='lat' dir='ltr'>Domitium,</span> <span class='ocrx_word' id='word_1_279' title='bbox 1159 2323 1180 2367; x_wconf 83' lang='lat' dir='ltr'>et</span> 
     </span>
     <span class='ocr_line' id='line_1_29' title="bbox 91 2385 1181 2446; baseline -0.004 -10"><span class='ocrx_word' id='word_1_280' title='bbox 91 2389 137 2437; x_wconf 92' lang='lat' dir='ltr'>ubi</span> <span class='ocrx_word' id='word_1_281' title='bbox 154 2388 252 2438; x_wconf 72' lang='lat' dir='ltr'>intonit</span> <span class='ocrx_word' id='word_1_282' title='bbox 267 2388 328 2446; x_wconf 77' lang='lat' dir='ltr'>justi</span> <span class='ocrx_word' id='word_1_283' title='bbox 350 2386 536 2435; x_wconf 76' lang='lat' dir='ltr'>confessionem.</span> <span class='ocrx_word' id='word_1_284' title='bbox 558 2387 621 2436; x_wconf 80' lang='lat' dir='ltr'>Sane</span> <span class='ocrx_word' id='word_1_285' title='bbox 645 2389 815 2446; x_wconf 72' lang='lat' dir='ltr'>rummiens,</span> <span class='ocrx_word' id='word_1_286' title='bbox 835 2387 882 2434; x_wconf 88' lang='lat' dir='ltr'>hoe</span> <span class='ocrx_word' id='word_1_287' title='bbox 898 2387 950 2435; x_wconf 88' lang='lat' dir='ltr'>loeo</span> <span class='ocrx_word' id='word_1_288' title='bbox 970 2385 1112 2445; x_wconf 86' lang='lat' dir='ltr'>portionem</span> <span class='ocrx_word' id='word_1_289' title='bbox 1131 2386 1181 2434; x_wconf 89' lang='lat' dir='ltr'>sibi</span> 
     </span>
     <span class='ocr_line' id='line_1_30' title="bbox 91 2454 939 2516; baseline -0.005 -11"><span class='ocrx_word' id='word_1_290' title='bbox 91 2457 152 2505; x_wconf 78' lang='lat' dir='ltr'>olibi</span> <span class='ocrx_word' id='word_1_291' title='bbox 163 2456 199 2505; x_wconf 88' lang='lat' dir='ltr'>sit</span> <span class='ocrx_word' id='word_1_292' title='bbox 209 2469 218 2503; x_wconf 80' lang='lat' dir='ltr'>r</span> <span class='ocrx_word' id='word_1_293' title='bbox 228 2455 300 2505; x_wconf 80' lang='lat' dir='ltr'>ilsstie</span> <span class='ocrx_word' id='word_1_294' title='bbox 312 2469 402 2503; x_wconf 86' lang='lat' dir='ltr'>meeum</span> <span class='ocrx_word' id='word_1_295' title='bbox 412 2457 457 2503; x_wconf 83' lang='lat' dir='ltr'>eris</span> <span class='ocrx_word' id='word_1_296' title='bbox 465 2457 491 2501; x_wconf 86' lang='lat' dir='ltr'>in</span> <span class='ocrx_word' id='word_1_297' title='bbox 499 2458 620 2514; x_wconf 82' lang='lat' dir='ltr'>paradiso.</span> <span class='ocrx_word' id='word_1_298' title='bbox 645 2454 726 2502; x_wconf 87' lang='lat' dir='ltr'>Deum</span> <span class='ocrx_word' id='word_1_299' title='bbox 738 2468 791 2504; x_wconf 91' lang='lat' dir='ltr'>esse</span> <span class='ocrx_word' id='word_1_300' title='bbox 803 2457 939 2516; x_wconf 84' lang='lat' dir='ltr'>profitetur.</span> 
     </span>
     <span class='ocr_line' id='line_1_31' title="bbox 91 2522 1260 2585; baseline 0.003 -14"><span class='ocrx_word' id='word_1_301' title='bbox 91 2526 212 2575; x_wconf 77' lang='lat' dir='ltr'>Futurum</span> <span class='ocrx_word' id='word_1_302' title='bbox 227 2523 365 2584; x_wconf 88' lang='lat' dir='ltr'>promittit:</span> <span class='ocrx_word' id='word_1_303' title='bbox 377 2522 421 2570; x_wconf 88' lang='lat' dir='ltr'>sed</span> <span class='ocrx_word' id='word_1_304' title='bbox 438 2523 464 2571; x_wconf 91' lang='lat' dir='ltr'>id</span> <span class='ocrx_word' id='word_1_305' title='bbox 474 2524 540 2582; x_wconf 86' lang='lat' dir='ltr'>quod</span> <span class='ocrx_word' id='word_1_306' title='bbox 553 2524 621 2571; x_wconf 84' lang='lat' dir='ltr'>tutu·</span> <span class='ocrx_word' id='word_1_307' title='bbox 676 2523 714 2570; x_wconf 79' lang='lat' dir='ltr'>lt.</span> <span class='ocrx_word' id='word_1_308' title='bbox 736 2527 814 2582; x_wconf 80' lang='lat' dir='ltr'>Quam</span> <span class='ocrx_word' id='word_1_309' title='bbox 835 2536 904 2572; x_wconf 79' lang='lat' dir='ltr'>rarus</span> <span class='ocrx_word' id='word_1_310' title='bbox 925 2524 968 2584; x_wconf 89' lang='lat' dir='ltr'>qui</span> <span class='ocrx_word' id='word_1_311' title='bbox 990 2523 1057 2572; x_wconf 89' lang='lat' dir='ltr'>istud</span> <span class='ocrx_word' id='word_1_312' title='bbox 1074 2528 1179 2585; x_wconf 85' lang='lat' dir='ltr'>usurpet</span> <span class='ocrx_word' id='word_1_313' title='bbox 1254 2526 1260 2542; x_wconf 77' lang='lat'><em>⁶</em></span> 
     </span>
     <span class='ocr_line' id='line_1_32' title="bbox 91 2592 1178 2654; baseline -0.001 -12"><span class='ocrx_word' id='word_1_314' title='bbox 91 2607 148 2643; x_wconf 87' lang='lat' dir='ltr'>rum</span> <span class='ocrx_word' id='word_1_315' title='bbox 159 2595 213 2652; x_wconf 86' lang='lat' dir='ltr'>est,</span> <span class='ocrx_word' id='word_1_316' title='bbox 228 2593 302 2641; x_wconf 89' lang='lat' dir='ltr'>unius</span> <span class='ocrx_word' id='word_1_317' title='bbox 311 2592 361 2639; x_wconf 90' lang='lat' dir='ltr'>diei</span> <span class='ocrx_word' id='word_1_318' title='bbox 369 2592 449 2651; x_wconf 79' lang='lat' dir='ltr'>spatio</span> <span class='ocrx_word' id='word_1_319' title='bbox 463 2604 512 2638; x_wconf 90' lang='lat' dir='ltr'>non</span> <span class='ocrx_word' id='word_1_320' title='bbox 528 2593 621 2651; x_wconf 83' lang='lat' dir='ltr'>patitur</span> <span class='ocrx_word' id='word_1_321' title='bbox 645 2592 692 2638; x_wconf 90' lang='lat' dir='ltr'>sibi</span> <span class='ocrx_word' id='word_1_322' title='bbox 702 2606 709 2637; x_wconf 77' lang='grc' dir='ltr'><strong><em>ε</em></strong></span> <span class='ocrx_word' id='word_1_323' title='bbox 720 2606 769 2639; x_wconf 89' lang='lat' dir='ltr'>non</span> <span class='ocrx_word' id='word_1_324' title='bbox 778 2594 907 2642; x_wconf 82' lang='lat' dir='ltr'>nobilitate</span> <span class='ocrx_word' id='word_1_325' title='bbox 917 2628 924 2654; x_wconf 90' lang='lat'>‚</span> <span class='ocrx_word' id='word_1_326' title='bbox 935 2607 985 2641; x_wconf 90' lang='lat' dir='ltr'>non</span> <span class='ocrx_word' id='word_1_327' title='bbox 995 2595 1093 2643; x_wconf 77' lang='lat' dir='ltr'>diuitiis</span> <span class='ocrx_word' id='word_1_328' title='bbox 1107 2609 1178 2642; x_wconf 87' lang='lat' dir='ltr'>usur-</span> 
     </span>
     <span class='ocr_line' id='line_1_33' title="bbox 91 2661 1179 2723; baseline 0 -13"><span class='ocrx_word' id='word_1_329' title='bbox 91 2663 218 2723; x_wconf 86' lang='lat' dir='ltr'>protelari.</span> <span class='ocrx_word' id='word_1_330' title='bbox 231 2661 344 2721; x_wconf 89' lang='lat' dir='ltr'>Denique</span> <span class='ocrx_word' id='word_1_331' title='bbox 358 2662 439 2721; x_wconf 87' lang='lat' dir='ltr'>potuit</span> <span class='ocrx_word' id='word_1_332' title='bbox 456 2661 539 2708; x_wconf 88' lang='lat' dir='ltr'>dicere</span> <span class='ocrx_word' id='word_1_333' title='bbox 552 2675 559 2705; x_wconf 75' lang='grc' dir='ltr'><strong><em>ε</em></strong></span> <span class='ocrx_word' id='word_1_334' title='bbox 572 2664 621 2709; x_wconf 84' lang='lat' dir='ltr'>Me-</span> <span class='ocrx_word' id='word_1_335' title='bbox 644 2662 725 2717; x_wconf 83' lang='lat' dir='ltr'>putor.</span> <span class='ocrx_word' id='word_1_336' title='bbox 737 2662 851 2720; x_wconf 88' lang='lat' dir='ltr'>Denique</span> <span class='ocrx_word' id='word_1_337' title='bbox 862 2675 908 2708; x_wconf 83' lang='lat' dir='ltr'>rex</span> <span class='ocrx_word' id='word_1_338' title='bbox 919 2663 961 2708; x_wconf 89' lang='lat' dir='ltr'>ille</span> <span class='ocrx_word' id='word_1_339' title='bbox 971 2662 1041 2709; x_wconf 88' lang='lat' dir='ltr'>dives</span> <span class='ocrx_word' id='word_1_340' title='bbox 1054 2664 1092 2710; x_wconf 87' lang='lat' dir='ltr'>ait</span> <span class='ocrx_word' id='word_1_341' title='bbox 1103 2678 1110 2709; x_wconf 78' lang='lat' dir='ltr'>s</span> <span class='ocrx_word' id='word_1_342' title='bbox 1120 2666 1179 2712; x_wconf 74' lang='lat' dir='ltr'>suen</span> 
     </span>
     <span class='ocr_line' id='line_1_34' title="bbox 91 2729 1178 2792; baseline -0.001 -12"><span class='ocrx_word' id='word_1_343' title='bbox 91 2729 619 2792; x_wconf 72' lang='lat' dir='ltr'>esmerisiupuroooomodaddidit,nodie‚·</span> <span class='ocrx_word' id='word_1_344' title='bbox 645 2730 735 2786; x_wconf 82' lang='lat' dir='ltr'>quidem</span> <span class='ocrx_word' id='word_1_345' title='bbox 754 2732 776 2776; x_wconf 87' lang='lat' dir='ltr'>et</span> <span class='ocrx_word' id='word_1_346' title='bbox 795 2743 835 2789; x_wconf 75' lang='lat' dir='ltr'>eso</span> <span class='ocrx_word' id='word_1_347' title='bbox 859 2732 967 2778; x_wconf 84' lang='lat' dir='ltr'>mortuiis</span> <span class='ocrx_word' id='word_1_348' title='bbox 987 2730 1073 2788; x_wconf 74' lang='lat' dir='ltr'>tusus,</span> <span class='ocrx_word' id='word_1_349' title='bbox 1096 2734 1178 2779; x_wconf 83' lang='lat' dir='ltr'>similis</span> 
     </span>
     <span class='ocr_line' id='line_1_35' title="bbox 90 2797 1178 2861; baseline 0 -14"><span class='ocrx_word' id='word_1_350' title='bbox 90 2814 123 2848; x_wconf 90' lang='lat' dir='ltr'>ne</span> <span class='ocrx_word' id='word_1_351' title='bbox 135 2797 514 2857; x_wconf 78' lang='lat' dir='ltr'>dilationegrstisminueretur.</span> <span class='ocrx_word' id='word_1_352' title='bbox 644 2799 764 2855; x_wconf 80' lang='lat' dir='ltr'>onsssibus,</span> <span class='ocrx_word' id='word_1_353' title='bbox 781 2802 803 2847; x_wconf 90' lang='lat' dir='ltr'>et</span> <span class='ocrx_word' id='word_1_354' title='bbox 820 2814 850 2846; x_wconf 81' lang='lat' dir='ltr'>eu</span> <span class='ocrx_word' id='word_1_355' title='bbox 871 2813 951 2860; x_wconf 75' lang='lat' dir='ltr'>penore</span> <span class='ocrx_word' id='word_1_356' title='bbox 966 2803 1178 2861; x_wconf 80' lang='lat' dir='ltr'>terrenoiltiusqui</span> 
     </span>
     <span class='ocr_line' id='line_1_36' title="bbox 123 2862 1178 2930; baseline 0.004 -16"><span class='ocrx_word' id='word_1_357' title='bbox 123 2868 161 2916; x_wconf 71' lang='lat' dir='ltr'>lb.</span> <span class='ocrx_word' id='word_1_358' title='bbox 182 2868 231 2915; x_wconf 80' lang='lat' dir='ltr'>Sed</span> <span class='ocrx_word' id='word_1_359' title='bbox 246 2862 345 2915; x_wconf 80' lang='lat' dir='ltr'>non&#39;iili</span> <span class='ocrx_word' id='word_1_360' title='bbox 365 2867 409 2914; x_wconf 88' lang='lat' dir='ltr'>soli</span> <span class='ocrx_word' id='word_1_361' title='bbox 431 2867 492 2914; x_wconf 90' lang='lat' dir='ltr'>dicit</span> <span class='ocrx_word' id='word_1_362' title='bbox 502 2867 622 2916; x_wconf 87' lang='lat' dir='ltr'>Dominus</span> <span class='ocrx_word' id='word_1_363' title='bbox 641 2870 707 2926; x_wconf 84' lang='lat' dir='ltr'>prior</span> <span class='ocrx_word' id='word_1_364' title='bbox 717 2869 792 2927; x_wconf 79' lang='lat' dir='ltr'>foetus</span> <span class='ocrx_word' id='word_1_365' title='bbox 803 2872 850 2925; x_wconf 89' lang='lat' dir='ltr'>est,</span> <span class='ocrx_word' id='word_1_366' title='bbox 861 2873 883 2916; x_wconf 89' lang='lat' dir='ltr'>et</span> <span class='ocrx_word' id='word_1_367' title='bbox 892 2871 918 2917; x_wconf 87' lang='lat' dir='ltr'>in</span> <span class='ocrx_word' id='word_1_368' title='bbox 927 2873 1007 2917; x_wconf 81' lang='lat' dir='ltr'>ventre</span> <span class='ocrx_word' id='word_1_369' title='bbox 1020 2873 1107 2918; x_wconf 82' lang='lat' dir='ltr'>matris</span> <span class='ocrx_word' id='word_1_370' title='bbox 1117 2873 1178 2930; x_wconf 77' lang='lat' dir='ltr'>fipu-</span> 
     </span>
     <span class='ocr_line' id='line_1_37' title="bbox 90 2937 1178 2998; baseline 0.001 -13"><span class='ocrx_word' id='word_1_371' title='bbox 90 2939 179 2985; x_wconf 80' lang='lat' dir='ltr'>Jesusr</span> <span class='ocrx_word' id='word_1_372' title='bbox 193 2938 267 2984; x_wconf 84' lang='lat' dir='ltr'>Hodie</span> <span class='ocrx_word' id='word_1_373' title='bbox 283 2949 374 2984; x_wconf 77' lang='lat' dir='ltr'>moeson</span> <span class='ocrx_word' id='word_1_374' title='bbox 390 2938 437 2983; x_wconf 82' lang='lat' dir='ltr'>eris</span> <span class='ocrx_word' id='word_1_375' title='bbox 448 2937 473 2983; x_wconf 87' lang='lat' dir='ltr'>in</span> <span class='ocrx_word' id='word_1_376' title='bbox 490 2939 619 2996; x_wconf 78' lang='lat' dir='ltr'>paradiso:</span> <span class='ocrx_word' id='word_1_377' title='bbox 643 2938 709 2984; x_wconf 76' lang='lat' dir='ltr'>sotus</span> <span class='ocrx_word' id='word_1_378' title='bbox 717 2950 769 2984; x_wconf 87' lang='lat' dir='ltr'>sum</span> <span class='ocrx_word' id='word_1_379' title='bbox 779 2950 835 2984; x_wconf 87' lang='lat' dir='ltr'>euro</span> <span class='ocrx_word' id='word_1_380' title='bbox 845 2939 939 2985; x_wconf 78' lang='lat' dir='ltr'>:decem</span> <span class='ocrx_word' id='word_1_381' title='bbox 949 2940 1065 2985; x_wconf 78' lang='lat' dir='ltr'>meusium</span> <span class='ocrx_word' id='word_1_382' title='bbox 1076 2941 1178 2998; x_wconf 86' lang='lat' dir='ltr'>tempore</span> 
     </span>
     <span class='ocr_line' id='line_1_38' title="bbox 90 2997 1179 3065; baseline 0.003 -14"><span class='ocrx_word' id='word_1_383' title='bbox 90 3003 135 3051; x_wconf 84' lang='lat' dir='ltr'>sed</span> <span class='ocrx_word' id='word_1_384' title='bbox 144 3003 170 3051; x_wconf 86' lang='lat' dir='ltr'>et</span> <span class='ocrx_word' id='word_1_385' title='bbox 178 3003 224 3050; x_wconf 81' lang='lat' dir='ltr'>tibi</span> <span class='ocrx_word' id='word_1_386' title='bbox 234 3001 294 3054; x_wconf 82' lang='lat' dir='ltr'>dicit</span> <span class='ocrx_word' id='word_1_387' title='bbox 302 3015 309 3048; x_wconf 73' lang='grc' dir='ltr'><em>τ</em></span> <span class='ocrx_word' id='word_1_388' title='bbox 318 3003 460 3050; x_wconf 81' lang='lat' dir='ltr'>Mecumen&#39;s</span> <span class='ocrx_word' id='word_1_389' title='bbox 468 3003 620 3061; x_wconf 74' lang='lat' dir='ltr'>inparatus,</span> <span class='ocrx_word' id='word_1_390' title='bbox 644 3006 778 3065; x_wconf 74' lang='lat' dir='ltr'>computatus</span> <span class='ocrx_word' id='word_1_391' title='bbox 795 2997 848 3053; x_wconf 76' lang='lat' dir='ltr'>sunu</span> <span class='ocrx_word' id='word_1_392' title='bbox 863 3008 889 3052; x_wconf 88' lang='lat' dir='ltr'>in</span> <span class='ocrx_word' id='word_1_393' title='bbox 907 3008 1034 3065; x_wconf 73' lang='lat' dir='ltr'>sanquine,</span> <span class='ocrx_word' id='word_1_394' title='bbox 1046 3021 1078 3053; x_wconf 80' lang='lat' dir='ltr'>ess</span> <span class='ocrx_word' id='word_1_395' title='bbox 1091 3010 1179 3056; x_wconf 80' lang='lat' dir='ltr'>semine</span> 
     </span>
     <span class='ocr_line' id='line_1_39' title="bbox 90 3071 1178 3132; baseline 0.004 -13"><span class='ocrx_word' id='word_1_396' title='bbox 90 3075 112 3120; x_wconf 90' lang='lat' dir='ltr'>si</span> <span class='ocrx_word' id='word_1_397' title='bbox 121 3072 258 3121; x_wconf 77' lang='lat' dir='ltr'>sonnium</span> <span class='ocrx_word' id='word_1_398' title='bbox 274 3072 406 3119; x_wconf 88' lang='lat' dir='ltr'>Dominum</span> <span class='ocrx_word' id='word_1_399' title='bbox 421 3071 521 3130; x_wconf 78' lang='lat' dir='ltr'>iesum,</span> <span class='ocrx_word' id='word_1_400' title='bbox 536 3072 557 3118; x_wconf 89' lang='lat' dir='ltr'>si</span> <span class='ocrx_word' id='word_1_401' title='bbox 565 3072 619 3128; x_wconf 84' lang='lat' dir='ltr'>ejus</span> <span class='ocrx_word' id='word_1_402' title='bbox 643 3073 757 3132; x_wconf 80' lang='lat' dir='ltr'>bominis,</span> <span class='ocrx_word' id='word_1_403' title='bbox 774 3076 796 3121; x_wconf 91' lang='lat' dir='ltr'>et</span> <span class='ocrx_word' id='word_1_404' title='bbox 815 3075 979 3121; x_wconf 80' lang='lat' dir='ltr'>delectamento</span> <span class='ocrx_word' id='word_1_405' title='bbox 999 3076 1077 3122; x_wconf 83' lang='lat' dir='ltr'>sensui</span> <span class='ocrx_word' id='word_1_406' title='bbox 1097 3089 1178 3123; x_wconf 83' lang='lat' dir='ltr'>conee-</span> 
     </span>
     <span class='ocr_line' id='line_1_40' title="bbox 73 3139 1178 3202; baseline 0.004 -14"><span class='ocrx_word' id='word_1_407' title='bbox 73 3149 76 3156; x_wconf 71' lang='lat'><strong>⁴</strong></span> <span class='ocrx_word' id='word_1_408' title='bbox 90 3141 255 3202; x_wconf 82' lang='lat' dir='ltr'>patrocinium</span> <span class='ocrx_word' id='word_1_409' title='bbox 272 3140 319 3188; x_wconf 86' lang='lat' dir='ltr'>tibi</span> <span class='ocrx_word' id='word_1_410' title='bbox 333 3151 431 3200; x_wconf 82' lang='lat' dir='ltr'>posces,</span> <span class='ocrx_word' id='word_1_411' title='bbox 445 3139 467 3186; x_wconf 92' lang='lat' dir='ltr'>si</span> <span class='ocrx_word' id='word_1_412' title='bbox 478 3141 504 3186; x_wconf 95' lang='lat' dir='ltr'>et</span> <span class='ocrx_word' id='word_1_413' title='bbox 515 3140 568 3199; x_wconf 91' lang='lat' dir='ltr'>ipse</span> <span class='ocrx_word' id='word_1_414' title='bbox 580 3141 619 3187; x_wconf 92' lang='lat' dir='ltr'>di·</span> <span class='ocrx_word' id='word_1_415' title='bbox 642 3143 718 3188; x_wconf 86' lang='lat' dir='ltr'>niente</span> <span class='ocrx_word' id='word_1_416' title='bbox 733 3156 742 3188; x_wconf 88' lang='lat'>.·</span> <span class='ocrx_word' id='word_1_417' title='bbox 758 3145 780 3189; x_wconf 88' lang='lat' dir='ltr'>et</span> <span class='ocrx_word' id='word_1_418' title='bbox 797 3156 838 3201; x_wconf 77' lang='lat' dir='ltr'>epo</span> <span class='ocrx_word' id='word_1_419' title='bbox 854 3145 924 3191; x_wconf 88' lang='lat' dir='ltr'>notus</span> <span class='ocrx_word' id='word_1_420' title='bbox 944 3143 1013 3191; x_wconf 76' lang='lat' dir='ltr'>trouu</span> <span class='ocrx_word' id='word_1_421' title='bbox 1029 3157 1178 3192; x_wconf 82' lang='lat' dir='ltr'>eosnmunem</span> 
     </span>
     <span class='ocr_line' id='line_1_41' title="bbox 90 3210 1179 3270; baseline 0.004 -13"><span class='ocrx_word' id='word_1_422' title='bbox 90 3222 132 3258; x_wconf 87' lang='lat' dir='ltr'>oss</span> <span class='ocrx_word' id='word_1_423' title='bbox 150 3223 157 3256; x_wconf 75' lang='grc' dir='ltr'><strong><em>ε</em></strong></span> <span class='ocrx_word' id='word_1_424' title='bbox 172 3213 286 3259; x_wconf 79' lang='lat' dir='ltr'>Memento</span> <span class='ocrx_word' id='word_1_425' title='bbox 298 3212 345 3258; x_wconf 84' lang='lat' dir='ltr'>snei</span> <span class='ocrx_word' id='word_1_426' title='bbox 353 3242 362 3267; x_wconf 89' lang='lat'>,</span> <span class='ocrx_word' id='word_1_427' title='bbox 376 3210 490 3265; x_wconf 83' lang='lat' dir='ltr'>Domine,</span> <span class='ocrx_word' id='word_1_428' title='bbox 505 3211 561 3256; x_wconf 84' lang='lat' dir='ltr'>dum</span> <span class='ocrx_word' id='word_1_429' title='bbox 579 3224 619 3257; x_wconf 81' lang='lat' dir='ltr'>ue-</span> <span class='ocrx_word' id='word_1_430' title='bbox 643 3224 734 3268; x_wconf 81' lang='lat' dir='ltr'>serem,</span> <span class='ocrx_word' id='word_1_431' title='bbox 748 3215 770 3259; x_wconf 89' lang='lat' dir='ltr'>et</span> <span class='ocrx_word' id='word_1_432' title='bbox 788 3213 894 3259; x_wconf 83' lang='lat' dir='ltr'>similiter</span> <span class='ocrx_word' id='word_1_433' title='bbox 912 3214 937 3259; x_wconf 86' lang='lat' dir='ltr'>in</span> <span class='ocrx_word' id='word_1_434' title='bbox 952 3215 1041 3260; x_wconf 59' lang='lat' dir='ltr'>mam</span> <span class='ocrx_word' id='word_1_435' title='bbox 1052 3213 1145 3270; x_wconf 85' lang='lat' dir='ltr'>decidi,</span> <span class='ocrx_word' id='word_1_436' title='bbox 1156 3218 1179 3261; x_wconf 91' lang='lat' dir='ltr'>et</span> 
     </span>
     <span class='ocr_line' id='line_1_42' title="bbox 90 3276 1179 3339; baseline 0.003 -15"><span class='ocrx_word' id='word_1_437' title='bbox 90 3281 154 3326; x_wconf 78' lang='lat' dir='ltr'>ueris</span> <span class='ocrx_word' id='word_1_438' title='bbox 173 3281 199 3327; x_wconf 81' lang='lat' dir='ltr'>in</span> <span class='ocrx_word' id='word_1_439' title='bbox 220 3291 318 3339; x_wconf 76' lang='lat' dir='ltr'>reputem</span> <span class='ocrx_word' id='word_1_440' title='bbox 339 3280 416 3325; x_wconf 79' lang='lat' dir='ltr'>tuum</span> <span class='ocrx_word' id='word_1_441' title='bbox 438 3276 488 3323; x_wconf 85' lang='lat' dir='ltr'>Sed</span> <span class='ocrx_word' id='word_1_442' title='bbox 503 3276 550 3323; x_wconf 88' lang='lat' dir='ltr'>tibi</span> <span class='ocrx_word' id='word_1_443' title='bbox 569 3290 618 3325; x_wconf 87' lang='lat' dir='ltr'>non</span> <span class='ocrx_word' id='word_1_444' title='bbox 642 3280 745 3338; x_wconf 68' lang='lat' dir='ltr'>ommam</span> <span class='ocrx_word' id='word_1_445' title='bbox 766 3293 844 3327; x_wconf 86' lang='lat' dir='ltr'>uocem</span> <span class='ocrx_word' id='word_1_446' title='bbox 864 3281 964 3326; x_wconf 74' lang='lat' dir='ltr'>tinniens</span> <span class='ocrx_word' id='word_1_447' title='bbox 985 3278 1095 3327; x_wconf 83' lang='lat' dir='ltr'>omnibus</span> <span class='ocrx_word' id='word_1_448' title='bbox 1110 3283 1179 3329; x_wconf 79' lang='lat' dir='ltr'>eutisi</span> 
     </span>
     <span class='ocr_line' id='line_1_43' title="bbox 90 3344 1178 3407; baseline 0.004 -15"><span class='ocrx_word' id='word_1_449' title='bbox 90 3346 151 3394; x_wconf 87' lang='lat' dir='ltr'>dicit</span> <span class='ocrx_word' id='word_1_450' title='bbox 161 3360 167 3392; x_wconf 74' lang='grc' dir='ltr'><strong><em>ε</em></strong></span> <span class='ocrx_word' id='word_1_451' title='bbox 177 3349 249 3394; x_wconf 80' lang='lat' dir='ltr'>liods&#39;s</span> <span class='ocrx_word' id='word_1_452' title='bbox 259 3359 349 3393; x_wconf 79' lang='lat' dir='ltr'>messem</span> <span class='ocrx_word' id='word_1_453' title='bbox 356 3347 402 3393; x_wconf 81' lang='lat' dir='ltr'>eris</span> <span class='ocrx_word' id='word_1_454' title='bbox 413 3344 490 3393; x_wconf 79' lang='lat' dir='ltr'>:dicit</span> <span class='ocrx_word' id='word_1_455' title='bbox 501 3344 617 3403; x_wconf 83' lang='lat' dir='ltr'>martyri:</span> <span class='ocrx_word' id='word_1_456' title='bbox 640 3348 737 3406; x_wconf 85' lang='lat' dir='ltr'>plorans</span> <span class='ocrx_word' id='word_1_457' title='bbox 748 3362 756 3394; x_wconf 91' lang='grc'>.·</span> <span class='ocrx_word' id='word_1_458' title='bbox 766 3349 791 3394; x_wconf 85' lang='lat' dir='ltr'>in</span> <span class='ocrx_word' id='word_1_459' title='bbox 809 3344 970 3394; x_wconf 69' lang='lat' dir='ltr'>involumentis</span> <span class='ocrx_word' id='word_1_460' title='bbox 988 3349 1094 3396; x_wconf 85' lang='lat' dir='ltr'>nutritus</span> <span class='ocrx_word' id='word_1_461' title='bbox 1108 3361 1163 3396; x_wconf 84' lang='lat' dir='ltr'>sum</span> <span class='ocrx_word' id='word_1_462' title='bbox 1168 3383 1178 3407; x_wconf 90' lang='lat'>‚</span> 
     </span>
     <span class='ocr_line' id='line_1_44' title="bbox 89 3412 1179 3476; baseline 0.003 -14"><span class='ocrx_word' id='word_1_463' title='bbox 89 3416 163 3463; x_wconf 79' lang='lat' dir='ltr'>Hodie</span> <span class='ocrx_word' id='word_1_464' title='bbox 173 3428 264 3462; x_wconf 86' lang='lat' dir='ltr'>meeum</span> <span class='ocrx_word' id='word_1_465' title='bbox 279 3415 325 3461; x_wconf 87' lang='lat' dir='ltr'>eris</span> <span class='ocrx_word' id='word_1_466' title='bbox 334 3416 358 3460; x_wconf 85' lang='lat' dir='ltr'>s&#39;n</span> <span class='ocrx_word' id='word_1_467' title='bbox 367 3414 488 3473; x_wconf 79' lang='lat' dir='ltr'>paradiso.</span> <span class='ocrx_word' id='word_1_468' title='bbox 504 3412 558 3458; x_wconf 81' lang='lat' dir='ltr'>Tibi</span> <span class='ocrx_word' id='word_1_469' title='bbox 570 3426 619 3460; x_wconf 92' lang='lat' dir='ltr'>non</span> <span class='ocrx_word' id='word_1_470' title='bbox 642 3419 664 3464; x_wconf 91' lang='lat' dir='ltr'>et</span> <span class='ocrx_word' id='word_1_471' title='bbox 676 3419 738 3464; x_wconf 76' lang='lat' dir='ltr'>euru</span> <span class='ocrx_word' id='word_1_472' title='bbox 748 3419 849 3476; x_wconf 66' lang='lat' dir='ltr'>suspen.</span> <span class='ocrx_word' id='word_1_473' title='bbox 861 3418 891 3463; x_wconf 83' lang='lat' dir='ltr'>nt</span> <span class='ocrx_word' id='word_1_474' title='bbox 901 3416 996 3463; x_wconf 84' lang='lat' dir='ltr'>addidit</span> <span class='ocrx_word' id='word_1_475' title='bbox 1007 3430 1014 3462; x_wconf 78' lang='lat' dir='ltr'>r</span> <span class='ocrx_word' id='word_1_476' title='bbox 1026 3418 1102 3464; x_wconf 83' lang='lat' dir='ltr'>Nemo</span> <span class='ocrx_word' id='word_1_477' title='bbox 1114 3421 1179 3465; x_wconf 88' lang='lat' dir='ltr'>enim</span> 
     </span>
     <span class='ocr_line' id='line_1_45' title="bbox 89 3480 1178 3543; baseline 0.003 -14"><span class='ocrx_word' id='word_1_478' title='bbox 89 3483 167 3543; x_wconf 84' lang='lat' dir='ltr'>dicit,</span> <span class='ocrx_word' id='word_1_479' title='bbox 179 3484 237 3542; x_wconf 85' lang='lat' dir='ltr'>quio</span> <span class='ocrx_word' id='word_1_480' title='bbox 252 3482 333 3530; x_wconf 77' lang='lat' dir='ltr'>sdhue</span> <span class='ocrx_word' id='word_1_481' title='bbox 347 3493 375 3530; x_wconf 90' lang='lat' dir='ltr'>es</span> <span class='ocrx_word' id='word_1_482' title='bbox 391 3481 417 3528; x_wconf 90' lang='lat' dir='ltr'>in</span> <span class='ocrx_word' id='word_1_483' title='bbox 434 3481 481 3528; x_wconf 87' lang='lat' dir='ltr'>hoc</span> <span class='ocrx_word' id='word_1_484' title='bbox 501 3480 618 3530; x_wconf 83' lang='lat' dir='ltr'>febrienti</span> <span class='ocrx_word' id='word_1_485' title='bbox 642 3497 673 3530; x_wconf 79' lang='lat' dir='ltr'>en</span> <span class='ocrx_word' id='word_1_486' title='bbox 697 3485 788 3543; x_wconf 74' lang='lat' dir='ltr'>sepibus</span> <span class='ocrx_word' id='word_1_487' title='bbox 805 3486 921 3531; x_wconf 81' lang='lat' dir='ltr'>diversum</span> <span class='ocrx_word' id='word_1_488' title='bbox 942 3484 1026 3531; x_wconf 68' lang='lat' dir='ltr'>taeduit</span> <span class='ocrx_word' id='word_1_489' title='bbox 1045 3486 1178 3532; x_wconf 78' lang='lat' dir='ltr'>nativitatis</span> 
     </span>
     <span class='ocr_line' id='line_1_46' title="bbox 91 3549 1178 3611; baseline 0.002 -14"><span class='ocrx_word' id='word_1_490' title='bbox 91 3562 192 3610; x_wconf 83' lang='lat' dir='ltr'>corpore</span> <span class='ocrx_word' id='word_1_491' title='bbox 207 3551 364 3610; x_wconf 80' lang='lat' dir='ltr'>constitutus,</span> <span class='ocrx_word' id='word_1_492' title='bbox 383 3549 410 3596; x_wconf 90' lang='lat' dir='ltr'>in</span> <span class='ocrx_word' id='word_1_493' title='bbox 425 3549 472 3596; x_wconf 87' lang='lat' dir='ltr'>hoe</span> <span class='ocrx_word' id='word_1_494' title='bbox 490 3551 619 3609; x_wconf 83' lang='lat' dir='ltr'>eoncupis-</span> <span class='ocrx_word' id='word_1_495' title='bbox 642 3551 743 3598; x_wconf 79' lang='lat' dir='ltr'>mitium.</span> <span class='ocrx_word' id='word_1_496' title='bbox 757 3554 820 3599; x_wconf 84' lang='lat' dir='ltr'>Duos</span> <span class='ocrx_word' id='word_1_497' title='bbox 835 3564 889 3611; x_wconf 75' lang='lat' dir='ltr'>erpo</span> <span class='ocrx_word' id='word_1_498' title='bbox 900 3552 1007 3599; x_wconf 78' lang='lat' dir='ltr'>ommino</span> <span class='ocrx_word' id='word_1_499' title='bbox 1021 3553 1054 3599; x_wconf 86' lang='lat' dir='ltr'>est</span> <span class='ocrx_word' id='word_1_500' title='bbox 1065 3552 1178 3599; x_wconf 80' lang='lat' dir='ltr'>introitus</span> 
     </span>
     <span class='ocr_line' id='line_1_47' title="bbox 90 3616 1178 3677; baseline 0.004 -13"><span class='ocrx_word' id='word_1_501' title='bbox 90 3618 251 3676; x_wconf 85' lang='lat' dir='ltr'>oentl,inlroe</span> <span class='ocrx_word' id='word_1_502' title='bbox 257 3621 356 3666; x_wconf 83' lang='lat' dir='ltr'>terrens</span> <span class='ocrx_word' id='word_1_503' title='bbox 364 3618 444 3665; x_wconf 81' lang='lat' dir='ltr'>adhue</span> <span class='ocrx_word' id='word_1_504' title='bbox 450 3616 616 3667; x_wconf 79' lang='lat' dir='ltr'>desideranti:</span> <span class='ocrx_word' id='word_1_505' title='bbox 641 3622 769 3668; x_wconf 78' lang='lat' dir='ltr'>natiuitatis</span> <span class='ocrx_word' id='word_1_506' title='bbox 778 3622 905 3677; x_wconf 81' lang='lat' dir='ltr'>advitam,</span> <span class='ocrx_word' id='word_1_507' title='bbox 922 3621 1032 3669; x_wconf 83' lang='lat' dir='ltr'>etsimtiis</span> <span class='ocrx_word' id='word_1_508' title='bbox 1047 3621 1136 3668; x_wconf 78' lang='lat' dir='ltr'>exitus.</span> <span class='ocrx_word' id='word_1_509' title='bbox 1146 3622 1178 3668; x_wconf 89' lang='lat' dir='ltr'>Et</span> 
     </span>
     <span class='ocr_line' id='line_1_48' title="bbox 90 3684 1178 3749; baseline 0.003 -17"><span class='ocrx_word' id='word_1_510' title='bbox 90 3684 134 3732; x_wconf 89' lang='lat' dir='ltr'>sed</span> <span class='ocrx_word' id='word_1_511' title='bbox 154 3696 211 3733; x_wconf 87' lang='lat' dir='ltr'>eum</span> <span class='ocrx_word' id='word_1_512' title='bbox 231 3685 341 3744; x_wconf 85' lang='lat' dir='ltr'>potueris</span> <span class='ocrx_word' id='word_1_513' title='bbox 363 3685 447 3734; x_wconf 88' lang='lat' dir='ltr'>dicere</span> <span class='ocrx_word' id='word_1_514' title='bbox 470 3698 477 3732; x_wconf 79' lang='lat' dir='ltr'>s</span> <span class='ocrx_word' id='word_1_515' title='bbox 498 3688 620 3748; x_wconf 82' lang='lat' dir='ltr'>¹Dirupiots&#39;</span> <span class='ocrx_word' id='word_1_516' title='bbox 642 3689 699 3749; x_wconf 85' lang='lat' dir='ltr'>quis</span> <span class='ocrx_word' id='word_1_517' title='bbox 724 3689 788 3736; x_wconf 85' lang='lat' dir='ltr'>vidit</span> <span class='ocrx_word' id='word_1_518' title='bbox 806 3701 936 3736; x_wconf 84' lang='lat' dir='ltr'>commune</span> <span class='ocrx_word' id='word_1_519' title='bbox 958 3701 1012 3736; x_wconf 91' lang='lat' dir='ltr'>esse</span> <span class='ocrx_word' id='word_1_520' title='bbox 1036 3688 1178 3736; x_wconf 79' lang='lat' dir='ltr'>nativitatis</span> 
     </span>
     <span class='ocr_line' id='line_1_49' title="bbox 89 3754 1177 3817; baseline 0.002 -15"><span class='ocrx_word' id='word_1_521' title='bbox 89 3755 184 3802; x_wconf 77' lang='lat' dir='ltr'>oisemo</span> <span class='ocrx_word' id='word_1_522' title='bbox 193 3768 259 3812; x_wconf 83' lang='lat' dir='ltr'>meu,</span> <span class='ocrx_word' id='word_1_523' title='bbox 277 3755 324 3802; x_wconf 88' lang='lat' dir='ltr'>hoe</span> <span class='ocrx_word' id='word_1_524' title='bbox 338 3755 389 3814; x_wconf 83' lang='lat' dir='ltr'>est,</span> <span class='ocrx_word' id='word_1_525' title='bbox 406 3754 501 3803; x_wconf 78' lang='lat' dir='ltr'>solvisti</span> <span class='ocrx_word' id='word_1_526' title='bbox 521 3768 617 3813; x_wconf 86' lang='lat' dir='ltr'>cursum</span> <span class='ocrx_word' id='word_1_527' title='bbox 643 3759 790 3817; x_wconf 82' lang='lat' dir='ltr'>exordium,</span> <span class='ocrx_word' id='word_1_528' title='bbox 805 3758 942 3807; x_wconf 81' lang='lat' dir='ltr'>elaboravit</span> <span class='ocrx_word' id='word_1_529' title='bbox 956 3769 1008 3805; x_wconf 86' lang='lat' dir='ltr'>esse</span> <span class='ocrx_word' id='word_1_530' title='bbox 1019 3757 1101 3816; x_wconf 87' lang='lat' dir='ltr'>portio</span> <span class='ocrx_word' id='word_1_531' title='bbox 1113 3758 1177 3816; x_wconf 74' lang='lat' dir='ltr'>Dei,</span> 
     </span>
     <span class='ocr_line' id='line_1_50' title="bbox 90 3824 1178 3885; baseline 0.002 -14"><span class='ocrx_word' id='word_1_532' title='bbox 90 3824 162 3873; x_wconf 84' lang='lat' dir='ltr'>istius</span> <span class='ocrx_word' id='word_1_533' title='bbox 177 3825 235 3874; x_wconf 76' lang='lat' dir='ltr'>vite</span> <span class='ocrx_word' id='word_1_534' title='bbox 244 3858 253 3885; x_wconf 92' lang='lat'>,</span> <span class='ocrx_word' id='word_1_535' title='bbox 262 3824 372 3872; x_wconf 81' lang='lat' dir='ltr'>liberasti</span> <span class='ocrx_word' id='word_1_536' title='bbox 382 3837 422 3872; x_wconf 88' lang='lat' dir='ltr'>ms</span> <span class='ocrx_word' id='word_1_537' title='bbox 437 3836 469 3872; x_wconf 85' lang='lat' dir='ltr'>ex</span> <span class='ocrx_word' id='word_1_538' title='bbox 477 3826 523 3874; x_wconf 87' lang='lat' dir='ltr'>hoe</span> <span class='ocrx_word' id='word_1_539' title='bbox 534 3828 618 3876; x_wconf 87' lang='lat' dir='ltr'>mortis</span> <span class='ocrx_word' id='word_1_540' title='bbox 643 3826 669 3873; x_wconf 89' lang='lat' dir='ltr'>et</span> <span class='ocrx_word' id='word_1_541' title='bbox 683 3825 825 3883; x_wconf 83' lang='lat' dir='ltr'>invocavit,</span> <span class='ocrx_word' id='word_1_542' title='bbox 843 3826 870 3873; x_wconf 90' lang='lat' dir='ltr'>et</span> <span class='ocrx_word' id='word_1_543' title='bbox 883 3825 990 3873; x_wconf 80' lang='lat' dir='ltr'>venitin</span> <span class='ocrx_word' id='word_1_544' title='bbox 1004 3837 1061 3872; x_wconf 89' lang='lat' dir='ltr'>eum</span> <span class='ocrx_word' id='word_1_545' title='bbox 1072 3825 1178 3885; x_wconf 75' lang='lat' dir='ltr'>spiritus</span> 
     </span>
     <span class='ocr_line' id='line_1_51' title="bbox 91 3891 1177 3953; baseline -0.001 -14"><span class='ocrx_word' id='word_1_546' title='bbox 91 3904 206 3953; x_wconf 88' lang='lat' dir='ltr'>oorpore,</span> <span class='ocrx_word' id='word_1_547' title='bbox 221 3893 280 3940; x_wconf 80' lang='lat' dir='ltr'>turn</span> <span class='ocrx_word' id='word_1_548' title='bbox 296 3891 342 3940; x_wconf 89' lang='lat' dir='ltr'>tibi</span> <span class='ocrx_word' id='word_1_549' title='bbox 354 3891 415 3941; x_wconf 86' lang='lat' dir='ltr'>dicit</span> <span class='ocrx_word' id='word_1_550' title='bbox 426 3905 433 3938; x_wconf 71' lang='grc' dir='ltr'><strong>ε</strong></span> <span class='ocrx_word' id='word_1_551' title='bbox 445 3894 518 3940; x_wconf 85' lang='lat' dir='ltr'>Hodie</span> <span class='ocrx_word' id='word_1_552' title='bbox 528 3905 618 3942; x_wconf 86' lang='lat' dir='ltr'>meeum</span> <span class='ocrx_word' id='word_1_553' title='bbox 641 3893 780 3952; x_wconf 86' lang='lat' dir='ltr'>sapientiae.</span> <span class='ocrx_word' id='word_1_554' title='bbox 795 3893 843 3940; x_wconf 89' lang='lat' dir='ltr'>Sed</span> <span class='ocrx_word' id='word_1_555' title='bbox 858 3893 979 3940; x_wconf 85' lang='lat' dir='ltr'>luxuriosi</span> <span class='ocrx_word' id='word_1_556' title='bbox 992 3893 1066 3939; x_wconf 76' lang='lat' dir='ltr'>aliem</span> <span class='ocrx_word' id='word_1_557' title='bbox 1076 3895 1177 3952; x_wconf 82' lang='lat' dir='ltr'>partem</span> 
     </span>
     <span class='ocr_line' id='line_1_52' title="bbox 90 3956 1176 4022; baseline 0.002 -14"><span class='ocrx_word' id='word_1_558' title='bbox 90 3963 302 4022; x_wconf 82' lang='lat' dir='ltr'>srisinporudiso.</span> <span class='ocrx_word' id='word_1_559' title='bbox 642 3961 750 4019; x_wconf 78' lang='lat' dir='ltr'>eligunt,</span> <span class='ocrx_word' id='word_1_560' title='bbox 766 3962 810 4022; x_wconf 87' lang='lat' dir='ltr'>qui</span> <span class='ocrx_word' id='word_1_561' title='bbox 837 3961 923 4008; x_wconf 89' lang='lat' dir='ltr'>dicuni</span> <span class='ocrx_word' id='word_1_562' title='bbox 938 3975 945 4007; x_wconf 82' lang='lat' dir='ltr'>s</span> <span class='ocrx_word' id='word_1_563' title='bbox 958 3956 1133 4022; x_wconf 82' lang='lat' dir='ltr'>Vinopr&#39;ets&#39;oso</span> <span class='ocrx_word' id='word_1_564' title='bbox 1153 3967 1176 4010; x_wconf 86' lang='lat' dir='ltr'>et</span> 
     </span>
     <span class='ocr_line' id='line_1_53' title="bbox 122 4029 1176 4092; baseline 0.002 -18"><span class='ocrx_word' id='word_1_565' title='bbox 122 4029 161 4076; x_wconf 79' lang='lat' dir='ltr'>lb.</span> <span class='ocrx_word' id='word_1_566' title='bbox 182 4031 263 4079; x_wconf 84' lang='lat' dir='ltr'>liobes</span> <span class='ocrx_word' id='word_1_567' title='bbox 280 4030 356 4090; x_wconf 70' lang='lat' dir='ltr'>igitur</span> <span class='ocrx_word' id='word_1_568' title='bbox 376 4031 450 4078; x_wconf 90' lang='lat' dir='ltr'>homo</span> <span class='ocrx_word' id='word_1_569' title='bbox 464 4029 531 4078; x_wconf 87' lang='lat' dir='ltr'>inter</span> <span class='ocrx_word' id='word_1_570' title='bbox 540 4030 618 4079; x_wconf 85' lang='lat' dir='ltr'>mults</span> <span class='ocrx_word' id='word_1_571' title='bbox 641 4031 763 4091; x_wconf 72' lang='lat' dir='ltr'>unquentis</span> <span class='ocrx_word' id='word_1_572' title='bbox 777 4043 819 4078; x_wconf 87' lang='lat' dir='ltr'>nos</span> <span class='ocrx_word' id='word_1_573' title='bbox 826 4031 964 4092; x_wconf 83' lang='lat' dir='ltr'>impleamus</span> <span class='ocrx_word' id='word_1_574' title='bbox 969 4033 1008 4089; x_wconf 85' lang='lat' dir='ltr'>‚et</span> <span class='ocrx_word' id='word_1_575' title='bbox 1018 4043 1066 4077; x_wconf 87' lang='lat' dir='ltr'>non</span> <span class='ocrx_word' id='word_1_576' title='bbox 1077 4032 1176 4090; x_wconf 80' lang='lat' dir='ltr'>peoeter·</span> 
     </span>
     <span class='ocr_line' id='line_1_54' title="bbox 90 4097 1176 4160; baseline 0.006 -18"><span class='ocrx_word' id='word_1_577' title='bbox 90 4099 213 4159; x_wconf 83' lang='lat' dir='ltr'>proposita</span> <span class='ocrx_word' id='word_1_578' title='bbox 223 4099 299 4148; x_wconf 83' lang='lat' dir='ltr'>etism</span> <span class='ocrx_word' id='word_1_579' title='bbox 313 4097 454 4157; x_wconf 81' lang='lat' dir='ltr'>huiusmodi</span> <span class='ocrx_word' id='word_1_580' title='bbox 469 4098 616 4157; x_wconf 88' lang='lat' dir='ltr'>portionem.</span> <span class='ocrx_word' id='word_1_581' title='bbox 641 4102 679 4146; x_wconf 85' lang='lat' dir='ltr'>sot</span> <span class='ocrx_word' id='word_1_582' title='bbox 701 4111 743 4146; x_wconf 86' lang='lat' dir='ltr'>uos</span> <span class='ocrx_word' id='word_1_583' title='bbox 759 4099 802 4156; x_wconf 76' lang='lat' dir='ltr'>tiss</span> <span class='ocrx_word' id='word_1_584' title='bbox 828 4101 945 4160; x_wconf 80' lang='lat' dir='ltr'>tssspsn&#39;s.</span> <span class='ocrx_word' id='word_1_585' title='bbox 968 4101 1113 4148; x_wconf 81' lang='lat' dir='ltr'>coronemus</span> <span class='ocrx_word' id='word_1_586' title='bbox 1130 4111 1176 4149; x_wconf 87' lang='lat' dir='ltr'>uos</span> 
     </span>
    </p>
   </div>
   <div class='ocr_carea' id='block_1_3' title="bbox 0 0 1384 4794">
    <p class='ocr_par' dir='ltr' id='par_1_3' title="bbox 0 0 1384 4794">
     <span class='ocr_line' id='line_1_55' title="bbox 0 0 1384 4794; baseline 0 2"><span class='ocrx_word' id='word_1_587' title='bbox 0 0 1384 4794; x_wconf 95' lang='lat' dir='ltr'> </span> 
     </span>
    </p>
   </div>
  </div>
 </body>
</html>
