<?xml version="1.0" encoding="UTF-8"?>
<!DOCTYPE html PUBLIC "-//W3C//DTD XHTML 1.0 Transitional//EN"
    "http://www.w3.org/TR/xhtml1/DTD/xhtml1-transitional.dtd">
<html xmlns="http://www.w3.org/1999/xhtml" xml:lang="en" lang="en">
 <head>
  <title>
</title>
<meta http-equiv="Content-Type" content="text/html;charset=utf-8" />
  <meta name='ocr-system' content='tesseract 3.04.00' />
  <meta name='ocr-capabilities' content='ocr_page ocr_carea ocr_par ocr_line ocrx_word'/>
</head>
<body>
  <div class='ocr_page' id='page_1' title='image "./operaomnia00ambrgoog_0315.png"; bbox 0 0 2760 4794; ppageno 0'>
   <div class='ocr_carea' id='block_1_1' title="bbox 247 354 949 406">
    <p class='ocr_par' dir='ltr' id='par_1_1' title="bbox 247 354 949 406">
     <span class='ocr_line' id='line_1_1' title="bbox 247 354 949 406; baseline -0.011 0"><span class='ocrx_word' id='word_1_1' title='bbox 247 359 293 406; x_wconf 70' lang='lat' dir='ltr'><strong>ala</strong></span> <span class='ocrx_word' id='word_1_2' title='bbox 653 354 774 401; x_wconf 77' lang='lat' dir='ltr'><strong>sallem</strong></span> <span class='ocrx_word' id='word_1_3' title='bbox 787 354 949 401; x_wconf 72' lang='lat' dir='ltr'>AMBROSH</span> 
     </span>
    </p>
   </div>
   <div class='ocr_carea' id='block_1_2' title="bbox 204 432 1374 4057">
    <p class='ocr_par' dir='ltr' id='par_1_2' title="bbox 204 432 1374 4057">
     <span class='ocr_line' id='line_1_2' title="bbox 249 432 1331 498; baseline -0.003 -10"><span class='ocrx_word' id='word_1_4' title='bbox 249 440 391 498; x_wconf 81' lang='lat' dir='ltr'><strong>abomino,</strong></span> <span class='ocrx_word' id='word_1_5' title='bbox 407 438 432 487; x_wconf 89' lang='lat' dir='ltr'><strong>ct</strong></span> <span class='ocrx_word' id='word_1_6' title='bbox 447 435 532 497; x_wconf 81' lang='lat' dir='ltr'><strong>postca</strong></span> <span class='ocrx_word' id='word_1_7' title='bbox 551 434 687 484; x_wconf 72' lang='lat' dir='ltr'><strong>custodiam</strong></span> <span class='ocrx_word' id='word_1_8' title='bbox 705 435 776 484; x_wconf 85' lang='lat' dir='ltr'><strong>testi-</strong></span> <span class='ocrx_word' id='word_1_9' title='bbox 802 434 1059 495; x_wconf 79' lang='lat' dir='ltr'><strong>essepraicipiant3nc</strong></span> <span class='ocrx_word' id='word_1_10' title='bbox 1069 432 1331 495; x_wconf 79' lang='lat' dir='ltr'><strong>pusillulisrineisns·</strong></span> 
     </span>
     <span class='ocr_line' id='line_1_3' title="bbox 248 503 1331 565; baseline -0.006 -6"><span class='ocrx_word' id='word_1_11' title='bbox 248 510 386 559; x_wconf 89' lang='lat' dir='ltr'><strong>mouiorum</strong></span> <span class='ocrx_word' id='word_1_12' title='bbox 408 505 546 555; x_wconf 86' lang='lat' dir='ltr'><strong>coelcstium</strong></span> <span class='ocrx_word' id='word_1_13' title='bbox 563 505 708 565; x_wconf 89' lang='lat' dir='ltr'><strong>pollicetur;</strong></span> <span class='ocrx_word' id='word_1_14' title='bbox 727 516 776 551; x_wconf 89' lang='lat' dir='ltr'><strong>non</strong></span> <span class='ocrx_word' id='word_1_15' title='bbox 802 504 888 560; x_wconf 81' lang='lat' dir='ltr'>ceant,</span> <span class='ocrx_word' id='word_1_16' title='bbox 901 503 960 563; x_wconf 80' lang='lat' dir='ltr'><strong>quia</strong></span> <span class='ocrx_word' id='word_1_17' title='bbox 974 503 1066 551; x_wconf 84' lang='lat' dir='ltr'><strong>adultis</strong></span> <span class='ocrx_word' id='word_1_18' title='bbox 1078 503 1140 561; x_wconf 78' lang='lat' dir='ltr'><strong>iam</strong></span> <span class='ocrx_word' id='word_1_19' title='bbox 1151 504 1331 552; x_wconf 77' lang='lat' dir='ltr'><strong>vitibusnocsu</strong></span> 
     </span>
     <span class='ocr_line' id='line_1_4' title="bbox 248 570 1332 633; baseline -0.009 -5"><span class='ocrx_word' id='word_1_20' title='bbox 248 580 317 628; x_wconf 90' lang='lat' dir='ltr'><strong>cuim</strong></span> <span class='ocrx_word' id='word_1_21' title='bbox 332 576 468 627; x_wconf 88' lang='lat' dir='ltr'><strong>communis</strong></span> <span class='ocrx_word' id='word_1_22' title='bbox 486 576 539 623; x_wconf 84' lang='lat' dir='ltr'><strong>haec</strong></span> <span class='ocrx_word' id='word_1_23' title='bbox 549 575 601 623; x_wconf 81' lang='lat' dir='ltr'><strong>uita</strong></span> <span class='ocrx_word' id='word_1_24' title='bbox 614 573 719 623; x_wconf 75' lang='lat' dir='ltr'><strong>custodit</strong></span> <span class='ocrx_word' id='word_1_25' title='bbox 729 585 778 621; x_wconf 87' lang='lat' dir='ltr'><strong>coe·</strong></span> <span class='ocrx_word' id='word_1_26' title='bbox 801 583 850 618; x_wconf 92' lang='lat' dir='ltr'><strong>nou</strong></span> <span class='ocrx_word' id='word_1_27' title='bbox 860 570 970 630; x_wconf 83' lang='lat' dir='ltr'><strong>possunt.</strong></span> <span class='ocrx_word' id='word_1_28' title='bbox 985 571 1160 621; x_wconf 69' lang='lat' dir='ltr'><strong>Emmaus</strong></span> <span class='ocrx_word' id='word_1_29' title='bbox 1172 573 1243 619; x_wconf 78' lang='lat' dir='ltr'><strong>eninr</strong></span> <span class='ocrx_word' id='word_1_30' title='bbox 1257 574 1332 633; x_wconf 85' lang='lat' dir='ltr'><strong>irnper-</strong></span> 
     </span>
     <span class='ocr_line' id='line_1_5' title="bbox 248 638 1331 703; baseline -0.007 -8"><span class='ocrx_word' id='word_1_31' title='bbox 248 649 311 696; x_wconf 89' lang='lat' dir='ltr'><strong>leste</strong></span> <span class='ocrx_word' id='word_1_32' title='bbox 321 645 481 703; x_wconf 86' lang='lat' dir='ltr'><strong>mandatum,</strong></span> <span class='ocrx_word' id='word_1_33' title='bbox 499 643 544 691; x_wconf 86' lang='lat' dir='ltr'><strong>sed</strong></span> <span class='ocrx_word' id='word_1_34' title='bbox 561 644 776 702; x_wconf 77' lang='lat' dir='ltr'><strong>illaqueemunere</strong></span> <span class='ocrx_word' id='word_1_35' title='bbox 802 638 998 686; x_wconf 85' lang='lat' dir='ltr'><strong>tectumtculare</strong></span> <span class='ocrx_word' id='word_1_36' title='bbox 1009 639 1116 700; x_wconf 71' lang='lat' dir='ltr'><strong>potest,</strong></span> <span class='ocrx_word' id='word_1_37' title='bbox 1126 651 1184 688; x_wconf 79' lang='lat' dir='ltr'><strong>non</strong></span> <span class='ocrx_word' id='word_1_38' title='bbox 1195 640 1331 702; x_wconf 73' lang='lat' dir='ltr'><strong>potestap-</strong></span> 
     </span>
     <span class='ocr_line' id='line_1_6' title="bbox 247 705 1076 773; baseline -0.014 -9"><span class='ocrx_word' id='word_1_39' title='bbox 247 716 350 764; x_wconf 80' lang='lat' dir='ltr'><strong>fulcitur</strong></span> <span class='ocrx_word' id='word_1_40' title='bbox 358 716 450 762; x_wconf 80' lang='lat' dir='ltr'><strong>aetcrrro</strong></span> <span class='ocrx_word' id='word_1_41' title='bbox 457 725 503 773; x_wconf 87' lang='lat' dir='ltr'><strong>por</strong></span> <span class='ocrx_word' id='word_1_42' title='bbox 513 711 681 772; x_wconf 79' lang='lat' dir='ltr'><strong>operationem</strong></span> <span class='ocrx_word' id='word_1_43' title='bbox 692 710 777 770; x_wconf 69' lang='lat' dir='ltr'><strong>pntiae</strong></span> <span class='ocrx_word' id='word_1_44' title='bbox 801 707 913 766; x_wconf 77' lang='lat' dir='ltr'><strong>planare</strong></span> <span class='ocrx_word' id='word_1_45' title='bbox 923 705 1076 766; x_wconf 79' lang='lat' dir='ltr'><strong>perlectum.</strong></span> 
     </span>
     <span class='ocr_line' id='line_1_7' title="bbox 248 778 1119 845; baseline -0.011 -13"><span class='ocrx_word' id='word_1_46' title='bbox 248 783 375 845; x_wconf 87' lang='lat' dir='ltr'><strong>spiritalis.</strong></span> <span class='ocrx_word' id='word_1_47' title='bbox 391 782 521 829; x_wconf 78' lang='lat' dir='ltr'><strong>Possumus</strong></span> <span class='ocrx_word' id='word_1_48' title='bbox 536 780 612 827; x_wconf 86' lang='lat' dir='ltr'><strong>etiam</strong></span> <span class='ocrx_word' id='word_1_49' title='bbox 627 780 663 826; x_wconf 90' lang='lat' dir='ltr'><strong>sic</strong></span> <span class='ocrx_word' id='word_1_50' title='bbox 681 778 777 826; x_wconf 89' lang='lat' dir='ltr'><strong>intelli·</strong></span> <span class='ocrx_word' id='word_1_51' title='bbox 1024 804 1119 823; x_wconf 78' lang='grc'><strong>--.</strong></span> 
     </span>
     <span class='ocr_line' id='line_1_8' title="bbox 248 844 1281 927; baseline -0.01 -29"><span class='ocrx_word' id='word_1_52' title='bbox 248 864 329 911; x_wconf 69' lang='lat' dir='ltr'><strong>gorea</strong></span> <span class='ocrx_word' id='word_1_53' title='bbox 348 850 405 910; x_wconf 88' lang='lat' dir='ltr'><strong>quin</strong></span> <span class='ocrx_word' id='word_1_54' title='bbox 424 849 477 907; x_wconf 76' lang='lat' dir='ltr'><strong>iam</strong></span> <span class='ocrx_word' id='word_1_55' title='bbox 493 847 616 907; x_wconf 82' lang='lat' dir='ltr'><strong>Propheta</strong></span> <span class='ocrx_word' id='word_1_56' title='bbox 633 858 688 905; x_wconf 85' lang='lat' dir='ltr'><strong>quae</strong></span> <span class='ocrx_word' id='word_1_57' title='bbox 706 844 776 892; x_wconf 88' lang='lat' dir='ltr'><strong>eraut</strong></span> <span class='ocrx_word' id='word_1_58' title='bbox 857 867 985 920; x_wconf 60' lang='lat' dir='ltr'>sufflo</span> <span class='ocrx_word' id='word_1_59' title='bbox 1014 870 1281 927; x_wconf 61' lang='lat' dir='ltr'><strong>„nomem</strong></span> 
     </span>
     <span class='ocr_line' id='line_1_9' title="bbox 248 912 1288 979; baseline -0.018 -11"><span class='ocrx_word' id='word_1_60' title='bbox 248 920 321 979; x_wconf 75' lang='lat' dir='ltr'><strong>Legis</strong></span> <span class='ocrx_word' id='word_1_61' title='bbox 333 914 776 977; x_wconf 66' lang='lat' dir='ltr'><strong>annoveral,optatadveniusDomi-</strong></span> <span class='ocrx_word' id='word_1_62' title='bbox 1281 912 1288 927; x_wconf 89' lang='lat'><strong>·</strong></span> 
     </span>
     <span class='ocr_line' id='line_1_10' title="bbox 246 953 1140 1042; baseline -0.015 -3"><span class='ocrx_word' id='word_1_63' title='bbox 246 982 776 1042; x_wconf 78' lang='lat' dir='ltr'><strong>nicimisericordtam,utaccipiatpraeccpta,</strong></span> <span class='ocrx_word' id='word_1_64' title='bbox 1007 953 1031 1007; x_wconf 43' lang='grc' dir='ltr'><strong>ι’·</strong></span> <span class='ocrx_word' id='word_1_65' title='bbox 1043 969 1140 1011; x_wconf 54' lang='grc' dir='ltr'><strong>ῙΜΦ</strong></span> 
     </span>
     <span class='ocr_line' id='line_1_11' title="bbox 246 1049 1332 1120; baseline -0.004 -15"><span class='ocrx_word' id='word_1_66' title='bbox 246 1058 338 1120; x_wconf 86' lang='lat' dir='ltr'><strong>quibus</strong></span> <span class='ocrx_word' id='word_1_67' title='bbox 349 1057 401 1103; x_wconf 80' lang='lat' dir='ltr'><strong>Lex</strong></span> <span class='ocrx_word' id='word_1_68' title='bbox 411 1054 590 1114; x_wconf 83' lang='lat' dir='ltr'><strong>adimpleatur3</strong></span> <span class='ocrx_word' id='word_1_69' title='bbox 600 1053 628 1099; x_wconf 88' lang='lat' dir='ltr'><strong>ut</strong></span> <span class='ocrx_word' id='word_1_70' title='bbox 639 1052 777 1099; x_wconf 83' lang='lat' dir='ltr'><strong>nouaclum</strong></span> <span class='ocrx_word' id='word_1_71' title='bbox 832 1050 856 1097; x_wconf 82' lang='lat' dir='ltr'><strong>t.</strong></span> <span class='ocrx_word' id='word_1_72' title='bbox 871 1052 959 1099; x_wconf 76' lang='lat' dir='ltr'><strong>turned</strong></span> <span class='ocrx_word' id='word_1_73' title='bbox 972 1049 1059 1097; x_wconf 81' lang='lat' dir='ltr'><strong>liiteru</strong></span> <span class='ocrx_word' id='word_1_74' title='bbox 1073 1050 1235 1102; x_wconf 71' lang='lat' dir='ltr'><strong>duodecim</strong></span> <span class='ocrx_word' id='word_1_75' title='bbox 1248 1053 1332 1117; x_wconf 79' lang='lat' dir='ltr'><strong>incipit,</strong></span> 
     </span>
     <span class='ocr_line' id='line_1_12' title="bbox 249 1117 1332 1178; baseline -0.006 -4"><span class='ocrx_word' id='word_1_76' title='bbox 249 1124 400 1174; x_wconf 76' lang='lat' dir='ltr'><strong>adulterium</strong></span> <span class='ocrx_word' id='word_1_77' title='bbox 416 1123 491 1170; x_wconf 88' lang='lat' dir='ltr'><strong>sciret</strong></span> <span class='ocrx_word' id='word_1_78' title='bbox 506 1134 559 1170; x_wconf 87' lang='lat' dir='ltr'><strong>esso</strong></span> <span class='ocrx_word' id='word_1_79' title='bbox 576 1119 721 1178; x_wconf 79' lang='lat' dir='ltr'><strong>vitandum,</strong></span> <span class='ocrx_word' id='word_1_80' title='bbox 732 1119 776 1166; x_wconf 90' lang='lat' dir='ltr'><strong>sed</strong></span> <span class='ocrx_word' id='word_1_81' title='bbox 801 1119 871 1177; x_wconf 76' lang='lat' dir='ltr'><strong>cuius</strong></span> <span class='ocrx_word' id='word_1_82' title='bbox 881 1117 1071 1178; x_wconf 74' lang='lat' dir='ltr'><strong>interpretatio,</strong></span> <span class='ocrx_word' id='word_1_83' title='bbox 1085 1133 1150 1178; x_wconf 76' lang='lat' dir='ltr'><strong>cor,</strong></span> <span class='ocrx_word' id='word_1_84' title='bbox 1162 1121 1244 1171; x_wconf 77' lang='lat' dir='ltr'><strong>vetut</strong></span> <span class='ocrx_word' id='word_1_85' title='bbox 1254 1123 1332 1172; x_wconf 66' lang='lat' dir='ltr'><strong>aliem·</strong></span> 
     </span>
     <span class='ocr_line' id='line_1_13' title="bbox 249 1187 1333 1251; baseline -0.002 -8"><span class='ocrx_word' id='word_1_86' title='bbox 249 1194 326 1243; x_wconf 88' lang='lat' dir='ltr'><strong>etiam</strong></span> <span class='ocrx_word' id='word_1_87' title='bbox 337 1190 560 1251; x_wconf 86' lang='lat' dir='ltr'><strong>concupiscentiam</strong></span> <span class='ocrx_word' id='word_1_88' title='bbox 573 1187 689 1236; x_wconf 91' lang='lat' dir='ltr'><strong>adulterii</strong></span> <span class='ocrx_word' id='word_1_89' title='bbox 699 1187 777 1235; x_wconf 89' lang='lat' dir='ltr'><strong>decli·</strong></span> <span class='ocrx_word' id='word_1_90' title='bbox 801 1188 943 1248; x_wconf 85' lang='lat' dir='ltr'><strong>terpretatio</strong></span> <span class='ocrx_word' id='word_1_91' title='bbox 954 1188 1046 1249; x_wconf 88' lang='lat' dir='ltr'><strong>babet,</strong></span> <span class='ocrx_word' id='word_1_92' title='bbox 1062 1203 1147 1238; x_wconf 71' lang='lat' dir='ltr'><strong>meo.</strong></span> <span class='ocrx_word' id='word_1_93' title='bbox 1160 1191 1234 1240; x_wconf 83' lang='lat' dir='ltr'><strong>Unda</strong></span> <span class='ocrx_word' id='word_1_94' title='bbox 1251 1193 1333 1241; x_wconf 68' lang='lat' dir='ltr'><strong>udan</strong></span> 
     </span>
     <span class='ocr_line' id='line_1_14' title="bbox 248 1256 1330 1316; baseline -0.002 -5"><span class='ocrx_word' id='word_1_95' title='bbox 248 1263 365 1311; x_wconf 89' lang='lat' dir='ltr'><strong>nandam.</strong></span> <span class='ocrx_word' id='word_1_96' title='bbox 376 1261 406 1308; x_wconf 87' lang='lat' dir='ltr'><strong>Os</strong></span> <span class='ocrx_word' id='word_1_97' title='bbox 417 1259 650 1307; x_wconf 78' lang='lat' dir='ltr'><strong>eniml‘atrislesus</strong></span> <span class='ocrx_word' id='word_1_98' title='bbox 659 1258 777 1304; x_wconf 80' lang='lat' dir='ltr'><strong>Dominus</strong></span> <span class='ocrx_word' id='word_1_99' title='bbox 800 1256 945 1315; x_wconf 87' lang='lat' dir='ltr'><strong>admonere,</strong></span> <span class='ocrx_word' id='word_1_100' title='bbox 960 1257 999 1304; x_wconf 85' lang='lat' dir='ltr'><strong>vel</strong></span> <span class='ocrx_word' id='word_1_101' title='bbox 1015 1257 1169 1316; x_wconf 84' lang='lat' dir='ltr'><strong>prudenter</strong></span> <span class='ocrx_word' id='word_1_102' title='bbox 1184 1259 1239 1308; x_wconf 74' lang='lat' dir='ltr'><strong>linc</strong></span> <span class='ocrx_word' id='word_1_103' title='bbox 1252 1261 1330 1309; x_wconf 75' lang='lat' dir='ltr'><strong>intolli-</strong></span> 
     </span>
     <span class='ocr_line' id='line_1_15' title="bbox 249 1325 1374 1390; baseline -0.004 -10"><span class='ocrx_word' id='word_1_104' title='bbox 249 1332 345 1380; x_wconf 91' lang='lat' dir='ltr'><strong>locutus</strong></span> <span class='ocrx_word' id='word_1_105' title='bbox 363 1331 399 1378; x_wconf 87' lang='lat' dir='ltr'><strong>est</strong></span> <span class='ocrx_word' id='word_1_106' title='bbox 415 1330 442 1376; x_wconf 89' lang='lat' dir='ltr'><strong>in</strong></span> <span class='ocrx_word' id='word_1_107' title='bbox 452 1329 600 1387; x_wconf 71' lang='lat' dir='ltr'><strong>Evasrgelio,</strong></span> <span class='ocrx_word' id='word_1_108' title='bbox 614 1339 671 1375; x_wconf 90' lang='lat' dir='ltr'><strong>cum</strong></span> <span class='ocrx_word' id='word_1_109' title='bbox 685 1325 727 1386; x_wconf 82' lang='lat' dir='ltr'><strong>qui</strong></span> <span class='ocrx_word' id='word_1_110' title='bbox 738 1326 776 1373; x_wconf 87' lang='lat' dir='ltr'><strong>vi·</strong></span> <span class='ocrx_word' id='word_1_111' title='bbox 801 1325 1062 1384; x_wconf 76' lang='lat' dir='ltr'><strong>gonda,velsollicite</strong></span> <span class='ocrx_word' id='word_1_112' title='bbox 1071 1327 1208 1376; x_wconf 77' lang='lat' dir='ltr'><strong>acrrmda</strong></span> <span class='ocrx_word' id='word_1_113' title='bbox 1218 1331 1330 1390; x_wconf 63' lang='lat' dir='ltr'><strong>praerepta.</strong></span> <span class='ocrx_word' id='word_1_114' title='bbox 1369 1360 1374 1381; x_wconf 81' lang='grc'><strong>.</strong></span> 
     </span>
     <span class='ocr_line' id='line_1_16' title="bbox 249 1393 1331 1456; baseline -0.004 -9"><span class='ocrx_word' id='word_1_115' title='bbox 249 1396 775 1456; x_wconf 86' lang='lat' dir='ltr'><strong>deritmulicremadconcupisccndumeam,</strong></span> <span class='ocrx_word' id='word_1_116' title='bbox 801 1394 859 1439; x_wconf 74' lang='lat' dir='ltr'><strong>Nam</strong></span> <span class='ocrx_word' id='word_1_117' title='bbox 876 1394 923 1440; x_wconf 92' lang='lat' dir='ltr'><strong>hoc</strong></span> <span class='ocrx_word' id='word_1_118' title='bbox 933 1393 1029 1453; x_wconf 88' lang='lat' dir='ltr'><strong>primus</strong></span> <span class='ocrx_word' id='word_1_119' title='bbox 1042 1394 1138 1443; x_wconf 82' lang='lat' dir='ltr'><strong>statim</strong></span> <span class='ocrx_word' id='word_1_120' title='bbox 1155 1397 1331 1445; x_wconf 65' lang='lat' dir='ltr'><strong>versiculum-</strong></span> 
     </span>
     <span class='ocr_line' id='line_1_17' title="bbox 251 1463 1330 1523; baseline -0.005 -8"><span class='ocrx_word' id='word_1_121' title='bbox 251 1471 278 1515; x_wconf 92' lang='lat' dir='ltr'><strong>in</strong></span> <span class='ocrx_word' id='word_1_122' title='bbox 298 1467 370 1514; x_wconf 87' lang='lat' dir='ltr'><strong>corde</strong></span> <span class='ocrx_word' id='word_1_123' title='bbox 391 1480 434 1513; x_wconf 91' lang='lat' dir='ltr'><strong>suo</strong></span> <span class='ocrx_word' id='word_1_124' title='bbox 451 1464 599 1513; x_wconf 85' lang='lat' dir='ltr'><strong>adulterium</strong></span> <span class='ocrx_word' id='word_1_125' title='bbox 612 1465 774 1523; x_wconf 86' lang='lat' dir='ltr'><strong>perpetrasse.</strong></span> <span class='ocrx_word' id='word_1_126' title='bbox 801 1463 894 1513; x_wconf 83' lang='lat' dir='ltr'><strong>monet.</strong></span> <span class='ocrx_word' id='word_1_127' title='bbox 906 1464 952 1511; x_wconf 82' lang='lat' dir='ltr'><strong>Cor</strong></span> <span class='ocrx_word' id='word_1_128' title='bbox 961 1463 1124 1511; x_wconf 84' lang='lat' dir='ltr'><strong>etenimsibi</strong></span> <span class='ocrx_word' id='word_1_129' title='bbox 1137 1465 1330 1516; x_wconf 71' lang='lat' dir='ltr'><strong>mundonem!</strong></span> 
     </span>
     <span class='ocr_line' id='line_1_18' title="bbox 251 1531 1330 1595; baseline -0.002 -12"><span class='ocrx_word' id='word_1_130' title='bbox 251 1539 373 1595; x_wconf 87' lang='lat' dir='ltr'><strong>Quantum</strong></span> <span class='ocrx_word' id='word_1_131' title='bbox 386 1535 517 1594; x_wconf 74' lang='lat' dir='ltr'><strong>Evangelio</strong></span> <span class='ocrx_word' id='word_1_132' title='bbox 528 1532 685 1593; x_wconf 85' lang='lat' dir='ltr'><strong>proiecerunt</strong></span> <span class='ocrx_word' id='word_1_133' title='bbox 696 1531 776 1578; x_wconf 88' lang='lat' dir='ltr'><strong>studia</strong></span> <span class='ocrx_word' id='word_1_134' title='bbox 801 1531 1330 1595; x_wconf 65' lang='lat' dir='ltr'><strong>insuperioribllsbicl’rophetmtlegins,</strong></span> 
     </span>
     <span class='ocr_line' id='line_1_19' title="bbox 250 1599 1329 1661; baseline 0.001 -9"><span class='ocrx_word' id='word_1_135' title='bbox 250 1604 387 1661; x_wconf 87' lang='lat' dir='ltr'><strong>castitatis,</strong></span> <span class='ocrx_word' id='word_1_136' title='bbox 406 1615 455 1661; x_wconf 86' lang='lat' dir='ltr'><strong>quo</strong></span> <span class='ocrx_word' id='word_1_137' title='bbox 484 1614 533 1648; x_wconf 92' lang='lat' dir='ltr'><strong>non</strong></span> <span class='ocrx_word' id='word_1_138' title='bbox 560 1601 639 1649; x_wconf 87' lang='lat' dir='ltr'><strong>solum</strong></span> <span class='ocrx_word' id='word_1_139' title='bbox 661 1599 776 1658; x_wconf 83' lang='lat' dir='ltr'><strong>turpioris</strong></span> <span class='ocrx_word' id='word_1_140' title='bbox 801 1601 1329 1661; x_wconf 79' lang='lat' dir='ltr'><strong>pmtiuavit.corsiblpmdensdarlonrit</strong></span> 
     </span>
     <span class='ocr_line' id='line_1_20' title="bbox 249 1667 1330 1732; baseline 0.003 -13"><span class='ocrx_word' id='word_1_141' title='bbox 249 1671 322 1728; x_wconf 84' lang='lat' dir='ltr'><strong>iacti,</strong></span> <span class='ocrx_word' id='word_1_142' title='bbox 335 1671 379 1718; x_wconf 89' lang='lat' dir='ltr'><strong>sed</strong></span> <span class='ocrx_word' id='word_1_143' title='bbox 397 1670 471 1717; x_wconf 88' lang='lat' dir='ltr'><strong>etiam</strong></span> <span class='ocrx_word' id='word_1_144' title='bbox 485 1668 562 1717; x_wconf 87' lang='lat' dir='ltr'><strong>studii</strong></span> <span class='ocrx_word' id='word_1_145' title='bbox 575 1667 777 1728; x_wconf 72' lang='lat' dir='ltr'><strong>degenerisable·</strong></span> <span class='ocrx_word' id='word_1_146' title='bbox 800 1682 814 1716; x_wconf 92' lang='lat' dir='ltr'><strong>a</strong></span> <span class='ocrx_word' id='word_1_147' title='bbox 832 1671 935 1719; x_wconf 91' lang='lat' dir='ltr'><strong>Domino</strong></span> <span class='ocrx_word' id='word_1_148' title='bbox 953 1671 1020 1717; x_wconf 83' lang='lat' dir='ltr'><strong>filius</strong></span> <span class='ocrx_word' id='word_1_149' title='bbox 1043 1671 1129 1728; x_wconf 82' lang='lat' dir='ltr'><strong>hujus</strong></span> <span class='ocrx_word' id='word_1_150' title='bbox 1156 1673 1280 1721; x_wconf 72' lang='lat' dir='ltr'><strong>Salem</strong></span> <span class='ocrx_word' id='word_1_151' title='bbox 1291 1671 1330 1732; x_wconf 75' lang='lat' dir='ltr'><strong>Qu*</strong></span> 
     </span>
     <span class='ocr_line' id='line_1_21' title="bbox 249 1736 1330 1803; baseline 0.006 -19"><span class='ocrx_word' id='word_1_152' title='bbox 249 1736 503 1800; x_wconf 73' lang='lat' dir='ltr'><strong>gaturopprobriumt</strong></span> <span class='ocrx_word' id='word_1_153' title='bbox 801 1739 1131 1798; x_wconf 76' lang='lat' dir='ltr'><strong>ergohabetcormundum</strong></span> <span class='ocrx_word' id='word_1_154' title='bbox 1143 1776 1152 1801; x_wconf 93' lang='lat'><strong>,</strong></span> <span class='ocrx_word' id='word_1_155' title='bbox 1164 1743 1330 1803; x_wconf 75' lang='lat' dir='ltr'><strong>quihabetcoe</strong></span> 
     </span>
     <span class='ocr_line' id='line_1_22' title="bbox 279 1800 1331 1868; baseline -0.001 -15"><span class='ocrx_word' id='word_1_156' title='bbox 279 1806 319 1853; x_wconf 77' lang='lat'><strong>29.</strong></span> <span class='ocrx_word' id='word_1_157' title='bbox 338 1805 385 1863; x_wconf 86' lang='lat' dir='ltr'><strong>Qui</strong></span> <span class='ocrx_word' id='word_1_158' title='bbox 403 1806 460 1851; x_wconf 84' lang='lat' dir='ltr'><strong>snrrt</strong></span> <span class='ocrx_word' id='word_1_159' title='bbox 471 1803 553 1852; x_wconf 87' lang='lat' dir='ltr'><strong>autem</strong></span> <span class='ocrx_word' id='word_1_160' title='bbox 564 1800 595 1849; x_wconf 89' lang='lat' dir='ltr'><strong>de</strong></span> <span class='ocrx_word' id='word_1_161' title='bbox 614 1801 703 1863; x_wconf 86' lang='lat' dir='ltr'><strong>quibus</strong></span> <span class='ocrx_word' id='word_1_162' title='bbox 713 1800 774 1850; x_wconf 92' lang='lat' dir='ltr'><strong>dicit</strong></span> <span class='ocrx_word' id='word_1_163' title='bbox 799 1808 923 1867; x_wconf 84' lang='lat' dir='ltr'><strong>prudens,</strong></span> <span class='ocrx_word' id='word_1_164' title='bbox 935 1808 987 1867; x_wconf 88' lang='lat' dir='ltr'><strong>ipse</strong></span> <span class='ocrx_word' id='word_1_165' title='bbox 1006 1808 1137 1868; x_wconf 68' lang='lat' dir='ltr'><strong>intelligit</strong></span> <span class='ocrx_word' id='word_1_166' title='bbox 1154 1813 1250 1860; x_wconf 70' lang='lat' dir='ltr'><strong>serie.</strong></span> <span class='ocrx_word' id='word_1_167' title='bbox 1262 1811 1331 1860; x_wconf 66' lang='lat' dir='ltr'><strong>aab.</strong></span> 
     </span>
     <span class='ocr_line' id='line_1_23' title="bbox 250 1873 1330 1938; baseline -0.007 -18"><span class='ocrx_word' id='word_1_168' title='bbox 250 1873 775 1936; x_wconf 85' lang='lat' dir='ltr'><strong>quodpaulominusconsummaverunteum</strong></span> <span class='ocrx_word' id='word_1_169' title='bbox 800 1876 880 1923; x_wconf 73' lang='lat' dir='ltr'><strong>lorum</strong></span> <span class='ocrx_word' id='word_1_170' title='bbox 892 1889 1026 1936; x_wconf 61' lang='lat' dir='ltr'><strong>versuum,</strong></span> <span class='ocrx_word' id='word_1_171' title='bbox 1037 1879 1121 1938; x_wconf 58' lang='lat' dir='ltr'><strong>,tque</strong></span> <span class='ocrx_word' id='word_1_172' title='bbox 1132 1880 1265 1929; x_wconf 48' lang='lat' dir='ltr'><strong>,mmm</strong></span> <span class='ocrx_word' id='word_1_173' title='bbox 1275 1881 1330 1929; x_wconf 54' lang='lat' dir='ltr'><strong>pm</strong></span> 
     </span>
     <span class='ocr_line' id='line_1_24' title="bbox 249 1937 1329 2011; baseline -0.009 -21"><span class='ocrx_word' id='word_1_174' title='bbox 249 1943 362 2000; x_wconf 87' lang='lat' dir='ltr'><strong>interra,</strong></span> <span class='ocrx_word' id='word_1_175' title='bbox 373 1941 421 1987; x_wconf 89' lang='lat' dir='ltr'><strong>nisi</strong></span> <span class='ocrx_word' id='word_1_176' title='bbox 432 1937 661 2000; x_wconf 77' lang='lat' dir='ltr'><strong>persecutoresilie</strong></span> <span class='ocrx_word' id='word_1_177' title='bbox 672 1951 775 2000; x_wconf 88' lang='lat' dir='ltr'><strong>quorum</strong></span> <span class='ocrx_word' id='word_1_178' title='bbox 801 1947 829 1993; x_wconf 74' lang='lat' dir='ltr'><strong>et</strong></span> <span class='ocrx_word' id='word_1_179' title='bbox 839 1946 897 1992; x_wconf 75' lang='lat' dir='ltr'><strong>alibi</strong></span> <span class='ocrx_word' id='word_1_180' title='bbox 910 1947 1055 1994; x_wconf 59' lang='lat' dir='ltr'><strong>invenimus</strong></span> <span class='ocrx_word' id='word_1_181' title='bbox 1074 1961 1122 1996; x_wconf 56' lang='grc' dir='ltr'><strong>ω,</strong></span> <span class='ocrx_word' id='word_1_182' title='bbox 1142 1952 1243 2011; x_wconf 53' lang='lat' dir='ltr'><strong>„pum</strong></span> <span class='ocrx_word' id='word_1_183' title='bbox 1258 1951 1329 2009; x_wconf 52' lang='lat' dir='ltr'><strong>iffi,</strong></span> 
     </span>
     <span class='ocr_line' id='line_1_25' title="bbox 250 2008 1330 2075; baseline -0.009 -16"><span class='ocrx_word' id='word_1_184' title='bbox 250 2024 300 2059; x_wconf 89' lang='lat' dir='ltr'><strong>uno</strong></span> <span class='ocrx_word' id='word_1_185' title='bbox 311 2011 346 2057; x_wconf 90' lang='lat' dir='ltr'><strong>ait</strong></span> <span class='ocrx_word' id='word_1_186' title='bbox 357 2009 476 2056; x_wconf 86' lang='lat' dir='ltr'><strong>Dominus</strong></span> <span class='ocrx_word' id='word_1_187' title='bbox 485 2009 572 2055; x_wconf 77' lang='lat' dir='ltr'><strong>iesus:</strong></span> <span class='ocrx_word' id='word_1_188' title='bbox 583 2009 705 2065; x_wconf 83' lang='lat' dir='ltr'><strong>ilc,dicitc</strong></span> <span class='ocrx_word' id='word_1_189' title='bbox 712 2008 776 2065; x_wconf 81' lang='lat' dir='ltr'><strong>vulpi</strong></span> <span class='ocrx_word' id='word_1_190' title='bbox 800 2014 840 2060; x_wconf 76' lang='lat' dir='ltr'><strong>vel</strong></span> <span class='ocrx_word' id='word_1_191' title='bbox 851 2014 989 2074; x_wconf 68' lang='lat' dir='ltr'><strong>singulare,</strong></span> <span class='ocrx_word' id='word_1_192' title='bbox 1000 2015 1043 2062; x_wconf 62' lang='lat' dir='ltr'><strong>vel</strong></span> <span class='ocrx_word' id='word_1_193' title='bbox 1054 2017 1129 2075; x_wconf 68' lang='lat' dir='ltr'><strong>quod</strong></span> <span class='ocrx_word' id='word_1_194' title='bbox 1143 2020 1219 2066; x_wconf 62' lang='lat' dir='ltr'><strong>nup,</strong></span> <span class='ocrx_word' id='word_1_195' title='bbox 1230 2020 1330 2067; x_wconf 60' lang='lat' dir='ltr'><strong>m</strong></span> 
     </span>
     <span class='ocr_line' id='line_1_26' title="bbox 252 2077 1331 2148; baseline 0.005 -19"><span class='ocrx_word' id='word_1_196' title='bbox 252 2083 302 2139; x_wconf 81' lang='lat' dir='ltr'><strong>illi,</strong></span> <span class='ocrx_word' id='word_1_197' title='bbox 313 2082 360 2128; x_wconf 92' lang='lat' dir='ltr'><strong>hoc</strong></span> <span class='ocrx_word' id='word_1_198' title='bbox 371 2079 460 2137; x_wconf 89' lang='lat' dir='ltr'><strong>est‚de</strong></span> <span class='ocrx_word' id='word_1_199' title='bbox 476 2079 582 2125; x_wconf 87' lang='lat' dir='ltr'><strong>llerode.</strong></span> <span class='ocrx_word' id='word_1_200' title='bbox 602 2080 632 2124; x_wconf 89' lang='lat' dir='ltr'><strong>Et</strong></span> <span class='ocrx_word' id='word_1_201' title='bbox 649 2077 709 2123; x_wconf 89' lang='lat' dir='ltr'><strong>alibi</strong></span> <span class='ocrx_word' id='word_1_202' title='bbox 720 2089 776 2123; x_wconf 89' lang='lat' dir='ltr'><strong>cum</strong></span> <span class='ocrx_word' id='word_1_203' title='bbox 800 2081 874 2138; x_wconf 83' lang='lat' dir='ltr'><strong>hirjus</strong></span> <span class='ocrx_word' id='word_1_204' title='bbox 884 2083 966 2130; x_wconf 81' lang='lat' dir='ltr'><strong>saeculi</strong></span> <span class='ocrx_word' id='word_1_205' title='bbox 976 2083 1118 2143; x_wconf 84' lang='lat' dir='ltr'><strong>impediat,</strong></span> <span class='ocrx_word' id='word_1_206' title='bbox 1134 2087 1166 2134; x_wconf 85' lang='lat' dir='ltr'><strong>et</strong></span> <span class='ocrx_word' id='word_1_207' title='bbox 1181 2084 1331 2148; x_wconf 67' lang='lat' dir='ltr'><strong>arnapam</strong></span> 
     </span>
     <span class='ocr_line' id='line_1_27' title="bbox 250 2146 1373 2212; baseline 0.002 -14"><span class='ocrx_word' id='word_1_208' title='bbox 250 2164 277 2200; x_wconf 87' lang='lat' dir='ltr'><strong>se</strong></span> <span class='ocrx_word' id='word_1_209' title='bbox 289 2149 457 2196; x_wconf 79' lang='lat' dir='ltr'><strong>fraudulenter</strong></span> <span class='ocrx_word' id='word_1_210' title='bbox 470 2147 613 2206; x_wconf 79' lang='lat' dir='ltr'><strong>interrogari</strong></span> <span class='ocrx_word' id='word_1_211' title='bbox 625 2146 776 2202; x_wconf 78' lang='lat' dir='ltr'><strong>adverteret,</strong></span> <span class='ocrx_word' id='word_1_212' title='bbox 800 2148 966 2199; x_wconf 86' lang='lat' dir='ltr'><strong>interturbare</strong></span> <span class='ocrx_word' id='word_1_213' title='bbox 972 2151 1109 2210; x_wconf 86' lang='lat' dir='ltr'><strong>sapientia.</strong></span> <span class='ocrx_word' id='word_1_214' title='bbox 1116 2155 1328 2212; x_wconf 73' lang='lat' dir='ltr'><strong>Quimtcnhahet</strong></span> <span class='ocrx_word' id='word_1_215' title='bbox 1369 2166 1373 2171; x_wconf 92' lang='lat'>·</span> 
     </span>
     <span class='ocr_line' id='line_1_28' title="bbox 204 2215 1329 2284; baseline -0.001 -16"><span class='ocrx_word' id='word_1_216' title='bbox 204 2254 210 2262; x_wconf 84' lang='lat'><strong>.</strong></span> <span class='ocrx_word' id='word_1_217' title='bbox 228 2222 230 2226; x_wconf 69' lang='grc'><strong>“</strong></span> <span class='ocrx_word' id='word_1_218' title='bbox 249 2220 331 2267; x_wconf 83' lang='lat' dir='ltr'><strong>dixit:</strong></span> <span class='ocrx_word' id='word_1_219' title='bbox 345 2219 430 2277; x_wconf 82' lang='lat' dir='ltr'><strong>Vulpes</strong></span> <span class='ocrx_word' id='word_1_220' title='bbox 438 2217 515 2275; x_wconf 68' lang='lat' dir='ltr'><strong>foccos</strong></span> <span class='ocrx_word' id='word_1_221' title='bbox 529 2215 626 2270; x_wconf 81' lang='lat' dir='ltr'><strong>bahent,</strong></span> <span class='ocrx_word' id='word_1_222' title='bbox 637 2217 659 2260; x_wconf 86' lang='lat' dir='ltr'><strong>ct</strong></span> <span class='ocrx_word' id='word_1_223' title='bbox 673 2215 776 2260; x_wconf 83' lang='lat' dir='ltr'><strong>volucres</strong></span> <span class='ocrx_word' id='word_1_224' title='bbox 801 2230 857 2277; x_wconf 87' lang='lat' dir='ltr'><strong>eor,</strong></span> <span class='ocrx_word' id='word_1_225' title='bbox 867 2220 949 2267; x_wconf 84' lang='lat' dir='ltr'><strong>servat</strong></span> <span class='ocrx_word' id='word_1_226' title='bbox 960 2221 1077 2268; x_wconf 73' lang='lat' dir='ltr'><strong>manslata</strong></span> <span class='ocrx_word' id='word_1_227' title='bbox 1092 2223 1170 2270; x_wconf 80' lang='lat' dir='ltr'><strong>Deis</strong></span> <span class='ocrx_word' id='word_1_228' title='bbox 1187 2225 1329 2284; x_wconf 70' lang='lat' dir='ltr'><strong>qoemdno·</strong></span> 
     </span>
     <span class='ocr_line' id='line_1_29' title="bbox 249 2280 1332 2349; baseline 0.004 -13"><span class='ocrx_word' id='word_1_229' title='bbox 249 2290 299 2336; x_wconf 74' lang='lat' dir='ltr'><strong>costi</strong></span> <span class='ocrx_word' id='word_1_230' title='bbox 309 2289 375 2334; x_wconf 78' lang='lat' dir='ltr'><strong>nidos</strong></span> <span class='ocrx_word' id='word_1_231' title='bbox 384 2285 425 2332; x_wconf 86' lang='lat' dir='ltr'><strong>uti</strong></span> <span class='ocrx_word' id='word_1_232' title='bbox 435 2286 590 2344; x_wconf 80' lang='lat' dir='ltr'><strong>repicioacont;</strong></span> <span class='ocrx_word' id='word_1_233' title='bbox 599 2296 628 2329; x_wconf 91' lang='lat' dir='ltr'><strong>eo</strong></span> <span class='ocrx_word' id='word_1_234' title='bbox 639 2282 703 2341; x_wconf 84' lang='lat' dir='ltr'><strong>quod</strong></span> <span class='ocrx_word' id='word_1_235' title='bbox 710 2280 777 2327; x_wconf 89' lang='lat' dir='ltr'><strong>irau—</strong></span> <span class='ocrx_word' id='word_1_236' title='bbox 800 2287 858 2334; x_wconf 91' lang='lat' dir='ltr'><strong>dum</strong></span> <span class='ocrx_word' id='word_1_237' title='bbox 865 2289 948 2346; x_wconf 72' lang='lat' dir='ltr'><strong>legisti</strong></span> <span class='ocrx_word' id='word_1_238' title='bbox 957 2289 987 2335; x_wconf 89' lang='lat' dir='ltr'><strong>do</strong></span> <span class='ocrx_word' id='word_1_239' title='bbox 997 2288 1090 2347; x_wconf 81' lang='lat' dir='ltr'><strong>llaria,</strong></span> <span class='ocrx_word' id='word_1_240' title='bbox 1107 2304 1175 2349; x_wconf 78' lang='lat' dir='ltr'><strong>qnae</strong></span> <span class='ocrx_word' id='word_1_241' title='bbox 1183 2293 1332 2346; x_wconf 61' lang='lat' dir='ltr'><strong>conservam,</strong></span> 
     </span>
     <span class='ocr_line' id='line_1_30' title="bbox 248 2350 1328 2411; baseline -0.002 -8"><span class='ocrx_word' id='word_1_242' title='bbox 248 2356 362 2404; x_wconf 88' lang='lat' dir='ltr'><strong>dulenter</strong></span> <span class='ocrx_word' id='word_1_243' title='bbox 371 2355 398 2401; x_wconf 92' lang='lat' dir='ltr'><strong>in</strong></span> <span class='ocrx_word' id='word_1_244' title='bbox 408 2352 560 2400; x_wconf 88' lang='lat' dir='ltr'><strong>terrestrium</strong></span> <span class='ocrx_word' id='word_1_245' title='bbox 571 2351 710 2411; x_wconf 83' lang='lat' dir='ltr'><strong>passionum</strong></span> <span class='ocrx_word' id='word_1_246' title='bbox 720 2350 776 2409; x_wconf 73' lang='lat' dir='ltr'><strong>qui-</strong></span> <span class='ocrx_word' id='word_1_247' title='bbox 800 2353 881 2400; x_wconf 90' lang='lat' dir='ltr'><strong>omnia</strong></span> <span class='ocrx_word' id='word_1_248' title='bbox 899 2354 998 2402; x_wconf 85' lang='lat' dir='ltr'><strong>Domini</strong></span> <span class='ocrx_word' id='word_1_249' title='bbox 1012 2355 1159 2405; x_wconf 76' lang='lat' dir='ltr'><strong>Salvator-is</strong></span> <span class='ocrx_word' id='word_1_250' title='bbox 1172 2357 1203 2407; x_wconf 84' lang='lat' dir='ltr'><strong>in</strong></span> <span class='ocrx_word' id='word_1_251' title='bbox 1215 2358 1328 2407; x_wconf 68' lang='lat' dir='ltr'><strong>condens</strong></span> 
     </span>
     <span class='ocr_line' id='line_1_31' title="bbox 249 2419 1371 2481; baseline -0.004 -8"><span class='ocrx_word' id='word_1_252' title='bbox 249 2427 350 2478; x_wconf 88' lang='lat' dir='ltr'><strong>busdam</strong></span> <span class='ocrx_word' id='word_1_253' title='bbox 375 2424 487 2470; x_wconf 77' lang='lat' dir='ltr'><strong>latibulis</strong></span> <span class='ocrx_word' id='word_1_254' title='bbox 512 2423 678 2469; x_wconf 77' lang='lat' dir='ltr'><strong>demorentur.</strong></span> <span class='ocrx_word' id='word_1_255' title='bbox 705 2419 775 2465; x_wconf 85' lang='lat' dir='ltr'><strong>Unde</strong></span> <span class='ocrx_word' id='word_1_256' title='bbox 800 2423 841 2467; x_wconf 84' lang='lat' dir='ltr'><strong>rel</strong></span> <span class='ocrx_word' id='word_1_257' title='bbox 853 2421 1073 2481; x_wconf 72' lang='lat' dir='ltr'><strong>diota‚velssesta.</strong></span> <span class='ocrx_word' id='word_1_258' title='bbox 1364 2468 1371 2481; x_wconf 73' lang='grc'>,</span> 
     </span>
     <span class='ocr_line' id='line_1_32' title="bbox 249 2487 1325 2549; baseline -0.004 -8"><span class='ocrx_word' id='word_1_259' title='bbox 249 2495 322 2542; x_wconf 86' lang='lat' dir='ltr'><strong>etiam</strong></span> <span class='ocrx_word' id='word_1_260' title='bbox 335 2494 434 2539; x_wconf 85' lang='lat' dir='ltr'><strong>Samson</strong></span> <span class='ocrx_word' id='word_1_261' title='bbox 445 2492 515 2537; x_wconf 90' lang='lat' dir='ltr'><strong>binas</strong></span> <span class='ocrx_word' id='word_1_262' title='bbox 525 2491 612 2548; x_wconf 84' lang='lat' dir='ltr'><strong>vulpes</strong></span> <span class='ocrx_word' id='word_1_263' title='bbox 622 2490 668 2536; x_wconf 88' lang='lat' dir='ltr'><strong>sibi</strong></span> <span class='ocrx_word' id='word_1_264' title='bbox 677 2487 776 2544; x_wconf 74' lang='lat' dir='ltr'><strong>nexunt,</strong></span> <span class='ocrx_word' id='word_1_265' title='bbox 830 2488 854 2534; x_wconf 76' lang='grc'><strong>2.</strong></span> <span class='ocrx_word' id='word_1_266' title='bbox 865 2490 1074 2536; x_wconf 78' lang='lat' dir='ltr'><strong>Circumcidamus</strong></span> <span class='ocrx_word' id='word_1_267' title='bbox 1085 2502 1152 2549; x_wconf 75' lang='lat' dir='ltr'><strong>ergo</strong></span> <span class='ocrx_word' id='word_1_268' title='bbox 1164 2494 1325 2541; x_wconf 72' lang='lat' dir='ltr'><strong>wrnmhun:</strong></span> 
     </span>
     <span class='ocr_line' id='line_1_33' title="bbox 248 2555 1327 2620; baseline 0 -13"><span class='ocrx_word' id='word_1_269' title='bbox 248 2562 280 2607; x_wconf 91' lang='lat' dir='ltr'><strong>ad</strong></span> <span class='ocrx_word' id='word_1_270' title='bbox 291 2573 394 2619; x_wconf 87' lang='lat' dir='ltr'><strong>quarum</strong></span> <span class='ocrx_word' id='word_1_271' title='bbox 415 2559 502 2605; x_wconf 87' lang='lat' dir='ltr'><strong>caudas</strong></span> <span class='ocrx_word' id='word_1_272' title='bbox 518 2557 627 2615; x_wconf 75' lang='lat' dir='ltr'><strong>alligavit</strong></span> <span class='ocrx_word' id='word_1_273' title='bbox 650 2557 729 2614; x_wconf 87' lang='lat' dir='ltr'><strong>iaces,</strong></span> <span class='ocrx_word' id='word_1_274' title='bbox 751 2555 776 2603; x_wconf 89' lang='lat' dir='ltr'><strong>et</strong></span> <span class='ocrx_word' id='word_1_275' title='bbox 800 2555 863 2601; x_wconf 91' lang='lat' dir='ltr'><strong>nihil</strong></span> <span class='ocrx_word' id='word_1_276' title='bbox 876 2556 1114 2614; x_wconf 88' lang='lat' dir='ltr'><strong>corporeum,uihil</strong></span> <span class='ocrx_word' id='word_1_277' title='bbox 1126 2559 1327 2620; x_wconf 77' lang='lat' dir='ltr'><strong>vilequaeranuss</strong></span> 
     </span>
     <span class='ocr_line' id='line_1_34' title="bbox 249 2625 1328 2688; baseline 0.003 -15"><span class='ocrx_word' id='word_1_278' title='bbox 249 2628 342 2674; x_wconf 89' lang='lat' dir='ltr'><strong>dimisit</strong></span> <span class='ocrx_word' id='word_1_279' title='bbox 358 2639 398 2672; x_wconf 89' lang='lat' dir='ltr'><strong>eas</strong></span> <span class='ocrx_word' id='word_1_280' title='bbox 414 2638 460 2684; x_wconf 88' lang='lat' dir='ltr'><strong>per</strong></span> <span class='ocrx_word' id='word_1_281' title='bbox 475 2637 566 2670; x_wconf 87' lang='lat' dir='ltr'><strong>messes</strong></span> <span class='ocrx_word' id='word_1_282' title='bbox 579 2625 774 2683; x_wconf 87' lang='lat' dir='ltr'><strong>allophylorum:</strong></span> <span class='ocrx_word' id='word_1_283' title='bbox 801 2625 850 2670; x_wconf 83' lang='lat' dir='ltr'><strong>vile</strong></span> <span class='ocrx_word' id='word_1_284' title='bbox 863 2626 945 2671; x_wconf 89' lang='lat' dir='ltr'><strong>autern</strong></span> <span class='ocrx_word' id='word_1_285' title='bbox 957 2636 1028 2670; x_wconf 92' lang='lat' dir='ltr'><strong>omne</strong></span> <span class='ocrx_word' id='word_1_286' title='bbox 1047 2625 1328 2688; x_wconf 68' lang='lat' dir='ltr'><strong>terrenumltihilerso</strong></span> 
     </span>
     <span class='ocr_line' id='line_1_35' title="bbox 249 2692 1328 2755; baseline 0.004 -14"><span class='ocrx_word' id='word_1_287' title='bbox 249 2696 370 2755; x_wconf 90' lang='lat' dir='ltr'><strong>perhanc</strong></span> <span class='ocrx_word' id='word_1_288' title='bbox 388 2693 491 2752; x_wconf 77' lang='lat' dir='ltr'><strong>figuram</strong></span> <span class='ocrx_word' id='word_1_289' title='bbox 505 2693 644 2752; x_wconf 76' lang='lat' dir='ltr'><strong>significans</strong></span> <span class='ocrx_word' id='word_1_290' title='bbox 654 2693 776 2751; x_wconf 90' lang='lat' dir='ltr'><strong>quodim·</strong></span> <span class='ocrx_word' id='word_1_291' title='bbox 800 2692 943 2749; x_wconf 89' lang='lat' dir='ltr'><strong>terrenum,</strong></span> <span class='ocrx_word' id='word_1_292' title='bbox 962 2692 1025 2737; x_wconf 89' lang='lat' dir='ltr'><strong>nihil</strong></span> <span class='ocrx_word' id='word_1_293' title='bbox 1044 2695 1189 2755; x_wconf 68' lang='lat' dir='ltr'><strong>saeculare,</strong></span> <span class='ocrx_word' id='word_1_294' title='bbox 1205 2699 1266 2744; x_wconf 91' lang='lat' dir='ltr'><strong>nihil</strong></span> <span class='ocrx_word' id='word_1_295' title='bbox 1284 2711 1328 2744; x_wconf 85' lang='lat' dir='ltr'><strong>cor·</strong></span> 
     </span>
     <span class='ocr_line' id='line_1_36' title="bbox 248 2761 1327 2824; baseline 0.002 -14"><span class='ocrx_word' id='word_1_296' title='bbox 248 2764 319 2824; x_wconf 91' lang='lat' dir='ltr'><strong>probi</strong></span> <span class='ocrx_word' id='word_1_297' title='bbox 331 2775 358 2808; x_wconf 90' lang='lat' dir='ltr'><strong>ac</strong></span> <span class='ocrx_word' id='word_1_298' title='bbox 368 2762 516 2808; x_wconf 78' lang='lat' dir='ltr'><strong>fraudulenti</strong></span> <span class='ocrx_word' id='word_1_299' title='bbox 528 2761 655 2820; x_wconf 86' lang='lat' dir='ltr'><strong>hominos,</strong></span> <span class='ocrx_word' id='word_1_300' title='bbox 664 2764 689 2809; x_wconf 90' lang='lat' dir='ltr'><strong>et</strong></span> <span class='ocrx_word' id='word_1_301' title='bbox 698 2762 776 2807; x_wconf 87' lang='lat' dir='ltr'><strong>maxi·</strong></span> <span class='ocrx_word' id='word_1_302' title='bbox 800 2772 915 2819; x_wconf 88' lang='lat' dir='ltr'><strong>pureum,</strong></span> <span class='ocrx_word' id='word_1_303' title='bbox 929 2761 993 2808; x_wconf 92' lang='lat' dir='ltr'><strong>nihil</strong></span> <span class='ocrx_word' id='word_1_304' title='bbox 1007 2761 1065 2808; x_wconf 87' lang='lat' dir='ltr'><strong>leve</strong></span> <span class='ocrx_word' id='word_1_305' title='bbox 1080 2763 1164 2822; x_wconf 88' lang='lat' dir='ltr'><strong>atque</strong></span> <span class='ocrx_word' id='word_1_306' title='bbox 1182 2767 1294 2814; x_wconf 84' lang='lat' dir='ltr'><strong>mutabile</strong></span> <span class='ocrx_word' id='word_1_307' title='bbox 1307 2768 1327 2812; x_wconf 92' lang='lat' dir='ltr'><strong>iu</strong></span> 
     </span>
     <span class='ocr_line' id='line_1_37' title="bbox 248 2828 1328 2888; baseline 0.004 -10"><span class='ocrx_word' id='word_1_308' title='bbox 248 2844 288 2878; x_wconf 92' lang='lat' dir='ltr'><strong>me</strong></span> <span class='ocrx_word' id='word_1_309' title='bbox 300 2831 425 2887; x_wconf 67' lang='lat' dir='ltr'><strong>haeretiei,</strong></span> <span class='ocrx_word' id='word_1_310' title='bbox 437 2829 541 2876; x_wconf 89' lang='lat' dir='ltr'><strong>liberam</strong></span> <span class='ocrx_word' id='word_1_311' title='bbox 550 2829 658 2888; x_wconf 75' lang='lat' dir='ltr'><strong>linguam</strong></span> <span class='ocrx_word' id='word_1_312' title='bbox 668 2830 775 2876; x_wconf 88' lang='lat' dir='ltr'><strong>habeant</strong></span> <span class='ocrx_word' id='word_1_313' title='bbox 800 2828 902 2887; x_wconf 85' lang='lat' dir='ltr'><strong>eloquiis</strong></span> <span class='ocrx_word' id='word_1_314' title='bbox 913 2828 1092 2878; x_wconf 88' lang='lat' dir='ltr'><strong>constituamus</strong></span> <span class='ocrx_word' id='word_1_315' title='bbox 1108 2834 1269 2884; x_wconf 83' lang='lat' dir='ltr'><strong>eoelestibns.</strong></span> <span class='ocrx_word' id='word_1_316' title='bbox 1281 2837 1328 2883; x_wconf 73' lang='lat' dir='ltr'><strong>Eto-</strong></span> 
     </span>
     <span class='ocr_line' id='line_1_38' title="bbox 247 2897 1328 2963; baseline 0.005 -16"><span class='ocrx_word' id='word_1_317' title='bbox 247 2900 278 2947; x_wconf 88' lang='lat' dir='ltr'><strong>ad</strong></span> <span class='ocrx_word' id='word_1_318' title='bbox 286 2898 439 2956; x_wconf 87' lang='lat' dir='ltr'><strong>latrandum,</strong></span> <span class='ocrx_word' id='word_1_319' title='bbox 460 2898 503 2944; x_wconf 89' lang='lat' dir='ltr'><strong>scd</strong></span> <span class='ocrx_word' id='word_1_320' title='bbox 522 2897 604 2944; x_wconf 79' lang='lat' dir='ltr'><strong>exitus</strong></span> <span class='ocrx_word' id='word_1_321' title='bbox 626 2898 775 2958; x_wconf 80' lang='lat' dir='ltr'><strong>impeditos.-</strong></span> <span class='ocrx_word' id='word_1_322' title='bbox 800 2899 855 2956; x_wconf 87' lang='lat' dir='ltr'><strong>poio</strong></span> <span class='ocrx_word' id='word_1_323' title='bbox 876 2899 941 2945; x_wconf 91' lang='lat' dir='ltr'><strong>enim</strong></span> <span class='ocrx_word' id='word_1_324' title='bbox 962 2900 1076 2954; x_wconf 80' lang='lat' dir='ltr'><strong>Domini,</strong></span> <span class='ocrx_word' id='word_1_325' title='bbox 1098 2901 1203 2961; x_wconf 78' lang='lat' dir='ltr'><strong>eloquio</strong></span> <span class='ocrx_word' id='word_1_326' title='bbox 1221 2903 1328 2963; x_wconf 75' lang='lat' dir='ltr'><strong>costo3ut</strong></span> 
     </span>
     <span class='ocr_line' id='line_1_39' title="bbox 247 2964 1327 3026; baseline 0.004 -10"><span class='ocrx_word' id='word_1_327' title='bbox 247 2970 291 3016; x_wconf 87' lang='lat' dir='ltr'><strong>aut</strong></span> <span class='ocrx_word' id='word_1_328' title='bbox 299 2968 405 3026; x_wconf 78' lang='lat' dir='ltr'><strong>litigiosa</strong></span> <span class='ocrx_word' id='word_1_329' title='bbox 416 2966 536 3026; x_wconf 90' lang='lat' dir='ltr'><strong>principia</strong></span> <span class='ocrx_word' id='word_1_330' title='bbox 544 2999 552 3024; x_wconf 88' lang='lat'><strong>,</strong></span> <span class='ocrx_word' id='word_1_331' title='bbox 561 2966 634 3011; x_wconf 81' lang='lat' dir='ltr'><strong>finem</strong></span> <span class='ocrx_word' id='word_1_332' title='bbox 645 2966 775 3012; x_wconf 83' lang='lat' dir='ltr'><strong>vcroirau-</strong></span> <span class='ocrx_word' id='word_1_333' title='bbox 800 2964 838 3009; x_wconf 88' lang='lat' dir='ltr'><strong>his</strong></span> <span class='ocrx_word' id='word_1_334' title='bbox 846 2965 1175 3023; x_wconf 86' lang='lat' dir='ltr'><strong>mysteriorumcoelestium</strong></span> <span class='ocrx_word' id='word_1_335' title='bbox 1185 2972 1327 3019; x_wconf 81' lang='lat' dir='ltr'><strong>immaculata</strong></span> 
     </span>
     <span class='ocr_line' id='line_1_40' title="bbox 248 3032 1327 3098; baseline -0.001 -12"><span class='ocrx_word' id='word_1_336' title='bbox 248 3039 286 3087; x_wconf 87' lang='lat' dir='ltr'><strong>dis</strong></span> <span class='ocrx_word' id='word_1_337' title='bbox 300 3050 350 3084; x_wconf 84' lang='lat' dir='ltr'><strong>suae</strong></span> <span class='ocrx_word' id='word_1_338' title='bbox 364 3035 478 3083; x_wconf 87' lang='lat' dir='ltr'><strong>incendio</strong></span> <span class='ocrx_word' id='word_1_339' title='bbox 491 3036 645 3093; x_wconf 85' lang='lat' dir='ltr'><strong>deputatum.</strong></span> <span class='ocrx_word' id='word_1_340' title='bbox 668 3035 774 3094; x_wconf 78' lang='lat' dir='ltr'><strong>ideoque</strong></span> <span class='ocrx_word' id='word_1_341' title='bbox 800 3033 825 3076; x_wconf 91' lang='lat' dir='ltr'><strong>et</strong></span> <span class='ocrx_word' id='word_1_342' title='bbox 835 3032 922 3088; x_wconf 91' lang='lat' dir='ltr'><strong>pudica</strong></span> <span class='ocrx_word' id='word_1_343' title='bbox 937 3033 1068 3079; x_wconf 83' lang='lat' dir='ltr'><strong>sinceritas</strong></span> <span class='ocrx_word' id='word_1_344' title='bbox 1083 3036 1203 3094; x_wconf 84' lang='lat' dir='ltr'><strong>spirituli</strong></span> <span class='ocrx_word' id='word_1_345' title='bbox 1221 3041 1327 3098; x_wconf 86' lang='lat' dir='ltr'><strong>interpre-</strong></span> 
     </span>
     <span class='ocr_line' id='line_1_41' title="bbox 248 3099 1328 3164; baseline -0.003 -8"><span class='ocrx_word' id='word_1_346' title='bbox 248 3109 274 3156; x_wconf 89' lang='lat' dir='ltr'><strong>et</strong></span> <span class='ocrx_word' id='word_1_347' title='bbox 294 3108 417 3154; x_wconf 86' lang='lat' dir='ltr'><strong>trecentas</strong></span> <span class='ocrx_word' id='word_1_348' title='bbox 436 3107 524 3164; x_wconf 84' lang='lat' dir='ltr'><strong>vulpes</strong></span> <span class='ocrx_word' id='word_1_349' title='bbox 543 3103 649 3163; x_wconf 88' lang='lat' dir='ltr'><strong>dimisit,</strong></span> <span class='ocrx_word' id='word_1_350' title='bbox 667 3103 775 3161; x_wconf 87' lang='lat' dir='ltr'><strong>eoquod</strong></span> <span class='ocrx_word' id='word_1_351' title='bbox 799 3099 891 3147; x_wconf 87' lang='lat' dir='ltr'><strong>talione</strong></span> <span class='ocrx_word' id='word_1_352' title='bbox 918 3101 1085 3160; x_wconf 87' lang='lat' dir='ltr'><strong>resplendeat.</strong></span> <span class='ocrx_word' id='word_1_353' title='bbox 1114 3106 1176 3153; x_wconf 87' lang='lat' dir='ltr'><strong>Nou</strong></span> <span class='ocrx_word' id='word_1_354' title='bbox 1206 3109 1328 3156; x_wconf 88' lang='lat' dir='ltr'><strong>adulterina</strong></span> 
     </span>
     <span class='ocr_line' id='line_1_42' title="bbox 247 3169 1328 3237; baseline -0.003 -13"><span class='ocrx_word' id='word_1_355' title='bbox 247 3176 333 3237; x_wconf 86' lang='lat' dir='ltr'><strong>perfidi</strong></span> <span class='ocrx_word' id='word_1_356' title='bbox 351 3175 431 3222; x_wconf 88' lang='lat' dir='ltr'><strong>crucis</strong></span> <span class='ocrx_word' id='word_1_357' title='bbox 444 3175 545 3233; x_wconf 88' lang='lat' dir='ltr'><strong>quidem</strong></span> <span class='ocrx_word' id='word_1_358' title='bbox 562 3185 588 3219; x_wconf 92' lang='lat' dir='ltr'><strong>se</strong></span> <span class='ocrx_word' id='word_1_359' title='bbox 602 3171 774 3232; x_wconf 86' lang='lat' dir='ltr'><strong>praedicatione</strong></span> <span class='ocrx_word' id='word_1_360' title='bbox 799 3169 903 3225; x_wconf 82' lang='lat' dir='ltr'><strong>quadam</strong></span> <span class='ocrx_word' id='word_1_361' title='bbox 923 3170 1048 3228; x_wconf 87' lang='lat' dir='ltr'><strong>opinione·</strong></span> <span class='ocrx_word' id='word_1_362' title='bbox 1061 3171 1225 3224; x_wconf 87' lang='lat' dir='ltr'><strong>misceamus</strong></span> <span class='ocrx_word' id='word_1_363' title='bbox 1245 3179 1328 3224; x_wconf 82' lang='lat' dir='ltr'><strong>terrena</strong></span> 
     </span>
     <span class='ocr_line' id='line_1_43' title="bbox 247 3235 1329 3299; baseline -0.004 -7"><span class='ocrx_word' id='word_1_364' title='bbox 247 3241 774 3299; x_wconf 87' lang='lat' dir='ltr'><strong>commendaredesiderant,sedmysterium</strong></span> <span class='ocrx_word' id='word_1_365' title='bbox 800 3235 902 3295; x_wconf 79' lang='lat' dir='ltr'><strong>divinis,</strong></span> <span class='ocrx_word' id='word_1_366' title='bbox 914 3239 940 3285; x_wconf 88' lang='lat' dir='ltr'><strong>et</strong></span> <span class='ocrx_word' id='word_1_367' title='bbox 951 3238 1012 3284; x_wconf 89' lang='lat' dir='ltr'><strong>illud</strong></span> <span class='ocrx_word' id='word_1_368' title='bbox 1027 3237 1189 3292; x_wconf 81' lang='lat' dir='ltr'><strong>inviolabile</strong></span> <span class='ocrx_word' id='word_1_369' title='bbox 1207 3255 1329 3292; x_wconf 83' lang='lat' dir='ltr'><strong>sacramen·</strong></span> 
     </span>
     <span class='ocr_line' id='line_1_44' title="bbox 247 3304 1327 3372; baseline -0.001 -14"><span class='ocrx_word' id='word_1_370' title='bbox 247 3311 301 3368; x_wconf 83' lang='lat' dir='ltr'><strong>ejus</strong></span> <span class='ocrx_word' id='word_1_371' title='bbox 317 3313 403 3357; x_wconf 89' lang='lat' dir='ltr'><strong>tenere</strong></span> <span class='ocrx_word' id='word_1_372' title='bbox 414 3322 463 3356; x_wconf 91' lang='lat' dir='ltr'><strong>non</strong></span> <span class='ocrx_word' id='word_1_373' title='bbox 476 3308 592 3367; x_wconf 84' lang='lat' dir='ltr'><strong>possunt,</strong></span> <span class='ocrx_word' id='word_1_374' title='bbox 603 3308 645 3366; x_wconf 88' lang='lat' dir='ltr'><strong>qui</strong></span> <span class='ocrx_word' id='word_1_375' title='bbox 656 3308 703 3354; x_wconf 90' lang='lat' dir='ltr'><strong>hac</strong></span> <span class='ocrx_word' id='word_1_376' title='bbox 713 3320 775 3366; x_wconf 87' lang='lat' dir='ltr'><strong>prae·</strong></span> <span class='ocrx_word' id='word_1_377' title='bbox 800 3304 851 3350; x_wconf 90' lang='lat' dir='ltr'><strong>tum</strong></span> <span class='ocrx_word' id='word_1_378' title='bbox 859 3306 1009 3364; x_wconf 78' lang='lat' dir='ltr'><strong>propheticae</strong></span> <span class='ocrx_word' id='word_1_379' title='bbox 1017 3305 1141 3367; x_wconf 81' lang='lat' dir='ltr'><strong>visionis,</strong></span> <span class='ocrx_word' id='word_1_380' title='bbox 1162 3313 1211 3361; x_wconf 89' lang='lat' dir='ltr'><strong>aut</strong></span> <span class='ocrx_word' id='word_1_381' title='bbox 1224 3313 1327 3372; x_wconf 85' lang='lat' dir='ltr'><strong>perennis</strong></span> 
     </span>
     <span class='ocr_line' id='line_1_45' title="bbox 247 3376 1329 3434; baseline 0.004 -10"><span class='ocrx_word' id='word_1_382' title='bbox 247 3379 368 3424; x_wconf 88' lang='lat' dir='ltr'><strong>dicatione</strong></span> <span class='ocrx_word' id='word_1_383' title='bbox 375 3377 507 3434; x_wconf 89' lang='lat' dir='ltr'><strong>composita</strong></span> <span class='ocrx_word' id='word_1_384' title='bbox 516 3376 608 3422; x_wconf 89' lang='lat' dir='ltr'><strong>etialsa</strong></span> <span class='ocrx_word' id='word_1_385' title='bbox 618 3377 691 3434; x_wconf 86' lang='lat' dir='ltr'><strong>atque</strong></span> <span class='ocrx_word' id='word_1_386' title='bbox 698 3377 774 3422; x_wconf 90' lang='lat' dir='ltr'><strong>simu·</strong></span> <span class='ocrx_word' id='word_1_387' title='bbox 799 3377 890 3423; x_wconf 93' lang='lat' dir='ltr'><strong>oraculi</strong></span> <span class='ocrx_word' id='word_1_388' title='bbox 900 3379 992 3424; x_wconf 80' lang='lat' dir='ltr'><strong>naturae</strong></span> <span class='ocrx_word' id='word_1_389' title='bbox 1003 3378 1094 3426; x_wconf 83' lang='lat' dir='ltr'><strong>nostrae</strong></span> <span class='ocrx_word' id='word_1_390' title='bbox 1106 3381 1277 3430; x_wconf 87' lang='lat' dir='ltr'><strong>aestimatione</strong></span> <span class='ocrx_word' id='word_1_391' title='bbox 1286 3383 1329 3428; x_wconf 86' lang='lat' dir='ltr'><strong>rio·</strong></span> 
     </span>
     <span class='ocr_line' id='line_1_46' title="bbox 247 3441 1328 3512; baseline 0.006 -22"><span class='ocrx_word' id='word_1_392' title='bbox 247 3445 296 3490; x_wconf 89' lang='lat' dir='ltr'><strong>iata</strong></span> <span class='ocrx_word' id='word_1_393' title='bbox 306 3456 378 3489; x_wconf 89' lang='lat' dir='ltr'><strong>urere</strong></span> <span class='ocrx_word' id='word_1_394' title='bbox 389 3443 465 3500; x_wconf 78' lang='lat' dir='ltr'><strong>magis</strong></span> <span class='ocrx_word' id='word_1_395' title='bbox 480 3441 575 3489; x_wconf 79' lang='lat' dir='ltr'><strong>fruetus</strong></span> <span class='ocrx_word' id='word_1_396' title='bbox 585 3444 774 3489; x_wconf 90' lang='lat' dir='ltr'><strong>conanturalie·</strong></span> <span class='ocrx_word' id='word_1_397' title='bbox 799 3443 885 3491; x_wconf 90' lang='lat' dir='ltr'><strong>temus.</strong></span> <span class='ocrx_word' id='word_1_398' title='bbox 903 3445 960 3491; x_wconf 89' lang='lat' dir='ltr'><strong>ldeo</strong></span> <span class='ocrx_word' id='word_1_399' title='bbox 976 3444 1042 3491; x_wconf 89' lang='lat' dir='ltr'><strong>enim</strong></span> <span class='ocrx_word' id='word_1_400' title='bbox 1062 3446 1168 3496; x_wconf 80' lang='lat' dir='ltr'><strong>addidit</strong></span> <span class='ocrx_word' id='word_1_401' title='bbox 1185 3465 1194 3497; x_wconf 81' lang='lat' dir='ltr'><strong>a</strong></span> <span class='ocrx_word' id='word_1_402' title='bbox 1211 3453 1328 3512; x_wconf 75' lang='lat' dir='ltr'><strong>Arpentun</strong></span> 
     </span>
     <span class='ocr_line' id='line_1_47' title="bbox 242 3510 1328 3578; baseline 0.006 -21"><span class='ocrx_word' id='word_1_403' title='bbox 242 3522 307 3558; x_wconf 74' lang='lat' dir='ltr'><strong>&#39;nost</strong></span> <span class='ocrx_word' id='word_1_404' title='bbox 318 3523 374 3558; x_wconf 91' lang='lat' dir='ltr'><strong>cum</strong></span> <span class='ocrx_word' id='word_1_405' title='bbox 382 3511 468 3570; x_wconf 86' lang='lat' dir='ltr'><strong>utique</strong></span> <span class='ocrx_word' id='word_1_406' title='bbox 479 3521 538 3556; x_wconf 78' lang='lat' dir='ltr'><strong>uera</strong></span> <span class='ocrx_word' id='word_1_407' title='bbox 549 3522 610 3555; x_wconf 80' lang='lat' dir='ltr'><strong>crux</strong></span> <span class='ocrx_word' id='word_1_408' title='bbox 618 3510 715 3555; x_wconf 89' lang='lat' dir='ltr'><strong>Domini</strong></span> <span class='ocrx_word' id='word_1_409' title='bbox 725 3523 774 3558; x_wconf 91' lang='lat' dir='ltr'><strong>nou</strong></span> <span class='ocrx_word' id='word_1_410' title='bbox 798 3514 849 3571; x_wconf 81' lang='lat' dir='ltr'><strong>ipae</strong></span> <span class='ocrx_word' id='word_1_411' title='bbox 857 3515 1030 3571; x_wconf 81' lang='lat' dir='ltr'><strong>cacuminatum,</strong></span> <span class='ocrx_word' id='word_1_412' title='bbox 1038 3518 1180 3574; x_wconf 70' lang='lat' dir='ltr'><strong>pampulum</strong></span> <span class='ocrx_word' id='word_1_413' title='bbox 1193 3522 1328 3578; x_wconf 56' lang='lat' dir='ltr'><strong>tempo·</strong></span> 
     </span>
     <span class='ocr_line' id='line_1_48' title="bbox 248 3579 1329 3647; baseline 0.006 -20"><span class='ocrx_word' id='word_1_414' title='bbox 248 3580 337 3628; x_wconf 84' lang='lat' dir='ltr'><strong>exurat</strong></span> <span class='ocrx_word' id='word_1_415' title='bbox 355 3580 436 3627; x_wconf 89' lang='lat' dir='ltr'><strong>aliena</strong></span> <span class='ocrx_word' id='word_1_416' title='bbox 451 3579 554 3637; x_wconf 87' lang='lat' dir='ltr'><strong>merita,</strong></span> <span class='ocrx_word' id='word_1_417' title='bbox 579 3579 623 3626; x_wconf 87' lang='lat' dir='ltr'><strong>sod</strong></span> <span class='ocrx_word' id='word_1_418' title='bbox 638 3580 772 3628; x_wconf 85' lang='lat' dir='ltr'><strong>ioecundet.</strong></span> <span class='ocrx_word' id='word_1_419' title='bbox 799 3583 878 3628; x_wconf 83' lang='lat' dir='ltr'><strong>bolum</strong></span> <span class='ocrx_word' id='word_1_420' title='bbox 902 3584 1048 3642; x_wconf 63' lang='lat' dir='ltr'><strong>septuptum</strong></span> <span class='ocrx_word' id='word_1_421' title='bbox 1069 3586 1100 3629; x_wconf 90' lang='lat' dir='ltr'><strong>ut</strong></span> <span class='ocrx_word' id='word_1_422' title='bbox 1125 3585 1262 3647; x_wconf 85' lang='lat' dir='ltr'><strong>tamquam</strong></span> <span class='ocrx_word' id='word_1_423' title='bbox 1279 3586 1329 3634; x_wconf 88' lang='lat' dir='ltr'><strong>boni</strong></span> 
     </span>
     <span class='ocr_line' id='line_1_49' title="bbox 247 3649 1330 3713; baseline 0.006 -16"><span class='ocrx_word' id='word_1_424' title='bbox 247 3651 381 3710; x_wconf 85' lang='lat' dir='ltr'><strong>lleritoque</strong></span> <span class='ocrx_word' id='word_1_425' title='bbox 392 3649 510 3709; x_wconf 84' lang='lat' dir='ltr'><strong>scriptum</strong></span> <span class='ocrx_word' id='word_1_426' title='bbox 521 3650 558 3697; x_wconf 90' lang='lat' dir='ltr'><strong>est</strong></span> <span class='ocrx_word' id='word_1_427' title='bbox 570 3650 595 3695; x_wconf 93' lang='lat' dir='ltr'><strong>in</strong></span> <span class='ocrx_word' id='word_1_428' title='bbox 604 3649 709 3696; x_wconf 78' lang='lat' dir='ltr'><strong>canticis</strong></span> <span class='ocrx_word' id='word_1_429' title='bbox 718 3664 774 3697; x_wconf 90' lang='lat' dir='ltr'><strong>can·</strong></span> <span class='ocrx_word' id='word_1_430' title='bbox 799 3651 958 3696; x_wconf 89' lang='lat' dir='ltr'><strong>nummularii</strong></span> <span class='ocrx_word' id='word_1_431' title='bbox 975 3649 1065 3709; x_wconf 90' lang='lat' dir='ltr'><strong>spiritu</strong></span> <span class='ocrx_word' id='word_1_432' title='bbox 1087 3656 1271 3702; x_wconf 84' lang='lat' dir='ltr'><strong>examinemus</strong></span> <span class='ocrx_word' id='word_1_433' title='bbox 1285 3666 1330 3713; x_wconf 80' lang='lat' dir='ltr'><strong>pro·</strong></span> 
     </span>
     <span class='ocr_line' id='line_1_50' title="bbox 247 3718 1331 3782; baseline 0.002 -15"><span class='ocrx_word' id='word_1_434' title='bbox 247 3720 369 3767; x_wconf 81' lang='lat' dir='ltr'><strong>ticoruma</strong></span> <span class='ocrx_word' id='word_1_435' title='bbox 381 3721 489 3767; x_wconf 84' lang='lat' dir='ltr'><strong>Preodite</strong></span> <span class='ocrx_word' id='word_1_436' title='bbox 504 3720 570 3768; x_wconf 80' lang='lat' dir='ltr'><strong>nobie</strong></span> <span class='ocrx_word' id='word_1_437' title='bbox 584 3721 662 3780; x_wconf 79' lang='lat' dir='ltr'><strong>nopes</strong></span> <span class='ocrx_word' id='word_1_438' title='bbox 678 3722 773 3779; x_wconf 78' lang='lat' dir='ltr'><strong>pusillus</strong></span> <span class='ocrx_word' id='word_1_439' title='bbox 797 3718 1331 3782; x_wconf 76' lang='lat' dir='ltr'><strong>pheticiscrmouisargentum‚secernentes</strong></span> 
     </span>
     <span class='ocr_line' id='line_1_51' title="bbox 247 3787 1330 3848; baseline -0.002 -11"><span class='ocrx_word' id='word_1_440' title='bbox 247 3789 428 3837; x_wconf 72' lang='lat' dir='ltr'><strong>estcrodoootos</strong></span> <span class='ocrx_word' id='word_1_441' title='bbox 439 3789 519 3836; x_wconf 81' lang='lat' dir='ltr'><strong>vineoe</strong></span> <span class='ocrx_word' id='word_1_442' title='bbox 524 3802 533 3848; x_wconf 84' lang='lat'><em>3</em></span> <span class='ocrx_word' id='word_1_443' title='bbox 554 3791 580 3835; x_wconf 80' lang='lat' dir='ltr'><strong>ut</strong></span> <span class='ocrx_word' id='word_1_444' title='bbox 598 3790 671 3835; x_wconf 84' lang='lat' dir='ltr'><strong>oiaeae</strong></span> <span class='ocrx_word' id='word_1_445' title='bbox 686 3791 771 3835; x_wconf 85' lang='lat' dir='ltr'><strong>oostroe</strong></span> <span class='ocrx_word' id='word_1_446' title='bbox 798 3787 894 3833; x_wconf 90' lang='lat' dir='ltr'><strong>Domini</strong></span> <span class='ocrx_word' id='word_1_447' title='bbox 905 3787 1051 3846; x_wconf 87' lang='lat' dir='ltr'><strong>pecuniam,</strong></span> <span class='ocrx_word' id='word_1_448' title='bbox 1063 3788 1141 3847; x_wconf 84' lang='lat' dir='ltr'><strong>atque</strong></span> <span class='ocrx_word' id='word_1_449' title='bbox 1155 3791 1192 3837; x_wconf 86' lang='lat' dir='ltr'><strong>ab</strong></span> <span class='ocrx_word' id='word_1_450' title='bbox 1206 3792 1273 3839; x_wconf 90' lang='lat' dir='ltr'><strong>omui</strong></span> <span class='ocrx_word' id='word_1_451' title='bbox 1282 3791 1330 3838; x_wconf 80' lang='lat' dir='ltr'><strong>labe</strong></span> 
     </span>
     <span class='ocr_line' id='line_1_52' title="bbox 246 3854 1330 3918; baseline 0.002 -13"><span class='ocrx_word' id='word_1_452' title='bbox 246 3859 354 3918; x_wconf 72' lang='lat' dir='ltr'><strong>porcani.</strong></span> <span class='ocrx_word' id='word_1_453' title='bbox 364 3858 417 3915; x_wconf 85' lang='lat' dir='ltr'><strong>Quo</strong></span> <span class='ocrx_word' id='word_1_454' title='bbox 429 3857 582 3915; x_wconf 87' lang='lat' dir='ltr'><strong>ostenditur,</strong></span> <span class='ocrx_word' id='word_1_455' title='bbox 597 3855 662 3916; x_wconf 82' lang='lat' dir='ltr'><strong>quod</strong></span> <span class='ocrx_word' id='word_1_456' title='bbox 673 3856 712 3902; x_wconf 85' lang='lat' dir='ltr'><strong>vel</strong></span> <span class='ocrx_word' id='word_1_457' title='bbox 722 3858 772 3904; x_wconf 91' lang='lat' dir='ltr'><strong>Do-</strong></span> <span class='ocrx_word' id='word_1_458' title='bbox 797 3857 894 3903; x_wconf 88' lang='lat' dir='ltr'><strong>terrena</strong></span> <span class='ocrx_word' id='word_1_459' title='bbox 912 3855 1024 3904; x_wconf 82' lang='lat' dir='ltr'><strong>salutaris</strong></span> <span class='ocrx_word' id='word_1_460' title='bbox 1040 3854 1119 3904; x_wconf 81' lang='lat' dir='ltr'><strong>tontis</strong></span> <span class='ocrx_word' id='word_1_461' title='bbox 1129 3858 1263 3908; x_wconf 80' lang='lat' dir='ltr'><strong>infusione</strong></span> <span class='ocrx_word' id='word_1_462' title='bbox 1279 3871 1330 3918; x_wconf 84' lang='lat' dir='ltr'><strong>pnr-</strong></span> 
     </span>
     <span class='ocr_line' id='line_1_53' title="bbox 246 3922 1330 3985; baseline 0.001 -14"><span class='ocrx_word' id='word_1_463' title='bbox 246 3925 421 3985; x_wconf 82' lang='lat' dir='ltr'><strong>minustesus,</strong></span> <span class='ocrx_word' id='word_1_464' title='bbox 436 3926 477 3972; x_wconf 84' lang='lat' dir='ltr'><strong>vel</strong></span> <span class='ocrx_word' id='word_1_465' title='bbox 490 3925 612 3980; x_wconf 87' lang='lat' dir='ltr'><strong>Ecclesia,</strong></span> <span class='ocrx_word' id='word_1_466' title='bbox 628 3924 772 3971; x_wconf 84' lang='lat' dir='ltr'><strong>iraudulen·</strong></span> <span class='ocrx_word' id='word_1_467' title='bbox 796 3923 1034 3982; x_wconf 80' lang='lat' dir='ltr'><strong>gantes3utchristo</strong></span> <span class='ocrx_word' id='word_1_468' title='bbox 1051 3922 1128 3982; x_wconf 79' lang='lat' dir='ltr'><strong>digna</strong></span> <span class='ocrx_word' id='word_1_469' title='bbox 1143 3927 1330 3975; x_wconf 74' lang='lat' dir='ltr'><strong>sentiretidea·</strong></span> 
     </span>
     <span class='ocr_line' id='line_1_54' title="bbox 247 3991 1330 4057; baseline 0.004 -18"><span class='ocrx_word' id='word_1_470' title='bbox 247 3993 327 4040; x_wconf 87' lang='lat' dir='ltr'><strong>torum</strong></span> <span class='ocrx_word' id='word_1_471' title='bbox 337 3992 403 4041; x_wconf 90' lang='lat' dir='ltr'><strong>dolos</strong></span> <span class='ocrx_word' id='word_1_472' title='bbox 411 4004 425 4040; x_wconf 88' lang='lat' dir='ltr'><strong>a</strong></span> <span class='ocrx_word' id='word_1_473' title='bbox 433 3991 771 4040; x_wconf 81' lang='lat' dir='ltr'><strong>vineissuisextcrminandos</strong></span> <span class='ocrx_word' id='word_1_474' title='bbox 796 4003 864 4050; x_wconf 82' lang='lat' dir='ltr'><strong>mur,</strong></span> <span class='ocrx_word' id='word_1_475' title='bbox 876 3991 918 4049; x_wconf 89' lang='lat' dir='ltr'><strong>qui</strong></span> <span class='ocrx_word' id='word_1_476' title='bbox 932 3991 966 4037; x_wconf 89' lang='lat' dir='ltr'><strong>ait</strong></span> <span class='ocrx_word' id='word_1_477' title='bbox 979 4003 986 4037; x_wconf 81' lang='lat' dir='ltr'><strong>a</strong></span> <span class='ocrx_word' id='word_1_478' title='bbox 1002 3991 1080 4038; x_wconf 81' lang='lat' dir='ltr'><strong>Nolito</strong></span> <span class='ocrx_word' id='word_1_479' title='bbox 1092 3992 1265 4057; x_wconf 72' lang='lat' dir='ltr'><strong>ihesum-inme</strong></span> <span class='ocrx_word' id='word_1_480' title='bbox 1275 3993 1330 4042; x_wconf 72' lang='lat' dir='ltr'><strong>roto</strong></span> 
     </span>
    </p>
   </div>
   <div class='ocr_carea' id='block_1_3' title="bbox 0 0 1384 4794">
    <p class='ocr_par' dir='ltr' id='par_1_3' title="bbox 0 0 1384 4794">
     <span class='ocr_line' id='line_1_55' title="bbox 0 0 1384 4794; baseline 0 0"><span class='ocrx_word' id='word_1_481' title='bbox 0 0 1384 4794; x_wconf 95' lang='lat' dir='ltr'><strong> </strong></span> 
     </span>
    </p>
   </div>
  </div>
 </body>
</html>
