2752 4784
147 411 202 463 062
536 414 662 462 SANCT!
680 416 847 463 AMBROSH
878 412 880 416 ’
1182 487 1197 493 ..

146 500 242 559 mel,
256 500 319 559 filim
332 501 398 558 dett,
417 499 480 559 litiae
494 501 540 548 ort
556 500 584 547 de
596 500 674 547 monte
699 499 809 558 ceperit,
826 499 903 548 altera
918 496 1007 548 ‘saneto
1022 497 1122 560 repleta
1136 496 1221 563 Sphitp

149 569 272 630 Eptmrsn
287 569 360 617 Vides
371 567 540 627 etapalrthnr
551 568 583 614 ad
596 567 673 625 filios,
697 567 896 628 prophetaverit;
910 567 1050 615 seeundum
1060 579 1160 616 emnem
1169 578 1223 631 que
1257 581 1261 584 ·

149 639 175 684 et
184 650 198 684 a
208 638 265 685 liliis
275 638 306 684 ad
320 637 401 697 patres
411 637 514 697 originis
528 636 674 695 descriptio·
698 649 745 696 qne
758 637 888 684 rideantur
896 635 973 684 tuisse
985 635 1112 702 cognatae,
1127 649 1179 700 quar
1188 649 1223 705 se<

148 717 203 752 nem
212 704 290 753 veteri
299 714 366 752 more
378 706 525 753 contextam.
536 704 673 752 annosubl—
698 702 805 752 eundum
827 705 907 751 Deum
932 703 1056 763 spiritalis
1081 703 1232 764 cognationis

146 774 320 832 quetamiliam
329 785 376 832 per
385 773 496 820 virorum
504 773 673 834 generationes
698 773 818 821 consortio
829 786 878 821 nou
889 773 1018 821 carebant!
1034 773 1138 832 Quodsi
1152 773 1223 822 omnis

145 854 197 888 esse
208 841 345 889 decursam.
357 842 411 888 ltoli
422 842 673 890 mirarisillatlhaeus
697 841 794 890 teminae
813 842 889 902 eaput
905 842 944 890 vir
960 843 1101 890 secundnm
1120 844 1221 890 mustum

144 909 174 955 ab
184 909 306 956 Abrahm
316 909 437 970 usquead
453 909 556 970 loseph,
571 911 672 957 Lucasa
697 911 852 970 Apostolum,
871 910 898 957 et
912 909 970 957 sunt
984 910 1035 957 duo
1052 909 1080 956 in
1094 922 1164 958 carne
1178 921 1221 957 um

142 975 233 1036 loseph
253 990 329 1036 usque
347 979 378 1024 ad
395 978 484 1034 Adam,
504 977 529 1024 et
546 977 577 1024 ad
591 978 672 1027 Deum
697 979 833 1032 secundnm
851 978 932 1038 legem
947 977 1063 1038 divinam
1080 991 1088 1024 r
1105 978 1221 1038 utiquell

143 1044 330 1103 generationum
345 1044 456 1091 ordinem
471 1045 601 1104 percurrit.
617 1047 671 1094 Noli
697 1047 740 1106 qui
755 1059 804 1092 nna
819 1058 874 1092 earo
891 1046 975 1103 erant,
995 1047 1021 1092 et
1037 1059 1103 1094 unus
1115 1047 1221 1106 spiritu,

143 1112 228 1158 mirari
240 1113 306 1173 quod
316 1113 406 1172 loseph
415 1113 481 1171 origo
492 1113 613 1173 descripta
625 1114 670 1160 esi.
697 1113 817 1172 quomodo
825 1114 921 1173 poterat
931 1113 988 1160 lieri
998 1116 1028 1163 nt
1036 1115 1221 1174 viderenturne·

144 1181 241 1228 Etenim
250 1181 385 1228 secundnm
396 1192 493 1227 earnem
502 1183 589 1238 natus,
601 1193 671 1229 nsum
697 1181 771 1228 triam
782 1182 808 1228 et
817 1180 908 1234 tribum
919 1181 1013 1229 hahere
1025 1181 1146 1230 diuisam!
1155 1183 1220 1235 dces

144 1248 232 1296 debuit
242 1249 311 1309 sequi
322 1248 419 1296 camier
429 1248 454 1294 et
464 1249 507 1308 qui
518 1248 545 1295 in
556 1251 671 1296 saeeulum
697 1248 734 1296 dit
743 1249 805 1296 illud
813 1249 877 1309 quod
885 1249 963 1296 etiam
974 1251 1086 1308 Angelus
1092 1248 1186 1298 Gabriel
1192 1249 1219 1307 de

144 1316 229 1375 veuit,
251 1318 335 1364 saeculi
353 1316 440 1364 debuit
458 1329 525 1363 more
548 1317 670 1377 describi;
696 1317 800 1363 Domino
821 1316 1053 1377 praenrurtiaverat,
1074 1318 1140 1378 quod
1156 1318 1219 1366 nolit

145 1385 252 1432 maxime
268 1397 324 1432 cunr
341 1385 367 1432 in
382 1383 471 1444 loseph
486 1384 581 1443 origine
596 1385 670 1432 etiam
696 1387 731 1432 itti
739 1389 802 1433 Dan
812 1387 886 1433 mm
896 1386 973 1432 Donet
981 1387 1062 1445 petris
1071 1389 1118 1434 rui.
1132 1387 1217 1449 Certum

145 1455 212 1513 origo
229 1453 262 1502 sit
280 1455 369 1502 narie.
388 1454 448 1500 Nam
464 1465 521 1500 cum
539 1454 577 1500 vir
592 1454 672 1512 iustus
697 1455 734 1500 est
744 1453 902 1512 igituretiam
909 1453 1014 1500 blariam
1022 1451 1056 1501 de
1066 1455 1217 1514 beringero·

144 1522 219 1570 tuerit
228 1524 334 1583 loseph,
344 1524 431 1582 ntique
448 1534 481 1568 ox
490 1522 558 1568 tribu
576 1534 633 1581 sna,
647 1526 672 1570 et
696 1521 791 1569 ratione
801 1533 922 1568 manasse.
933 1520 1013 1568 Simul
1025 1516 1104 1570 etiam
1115 1522 1216 1573 diseimlh

144 1590 423 1650 expatriasuaaccepit
435 1603 557 1636 uxorem:
570 1603 616 1637 nec
627 1603 672 1650 po·
696 1591 760 1638 nihil
775 1591 869 1638 reterre
887 1604 935 1652 qno
954 1593 1044 1639 ordine
1064 1592 1216 1653 generationis

144 1659 191 1703 tnlt
199 1659 280 1714 Justus
295 1659 376 1704 lacere
389 1661 472 1704 eontra
483 1659 510 1704 id
526 1658 591 1717 quod
606 1660 671 1719 hege
696 1660 772 1707 series
782 1660 947 1719 exprimatur,
957 1672 1015 1708 cum
1026 1661 1078 1709 iter
1087 1662 1143 1709 hine
1152 1662 1214 1721 atnoe

143 1726 310 1783 prescriptum
322 1727 366 1771 est.
378 1725 418 1770 Sic
429 1726 496 1770 enim
508 1725 600 1782 hahes,
612 1728 670 1784 quia
696 1728 753 1774 inde
764 1730 796 1776 sit
810 1729 934 1787 pervium.

142 1789 670 1851 unusquisqueinbaereditatemtribnssuae
725 1796 748 1842 6.
768 1799 815 1844 Cur
832 1799 914 1844 autern
934 1797 1034 1845 sanctus
1051 1799 1175 1847 Matthaeus
1188 1798 1214 1845 ab

143 1861 227 1919 patriae
239 1858 399 1906 adhaerebunt
415 1859 460 1904 tilii
471 1860 561 1917 lsrael,
576 1873 623 1908 nec
639 1862 670 1908 de
696 1866 817 1914 Abraham
827 1865 1012 1926 generationem
1021 1878 1214 1915 enumerareooe-

143 1928 211 1975 tribu
225 1927 256 1974 ad
271 1927 362 1974 tribum
377 1927 535 1975 transibunt:
550 1929 575 1975 et
591 1931 671 1977 omnis
696 1934 761 1993 perit
780 1935 890 1993 Christi,
914 1937 1015 1983 sanctus
1034 1949 1097 1984 vero
1115 1937 1186 1984 Lucas
1201 1946 1214 1980 a

76 2046 85 2058 ,
143 1997 194 2045 tilia
212 2010 266 2057 quae
283 1997 359 2044 habet
377 1997 545 2060 hereditatem
560 1999 670 2063 tribuum
695 2003 789 2051 christo
798 2016 874 2064 usque
885 2004 916 2050 ad
924 2005 1004 2050 Deum
1014 2005 1168 2063 perduxerit,
1178 2016 1213 2050 ex·

143 2065 249 2113 fitiorum
267 2066 355 2121 lsrael,
371 2065 415 2111 uni
430 2078 462 2112 ex
477 2066 580 2125 populo,
597 2068 623 2112 et
639 2079 671 2113 ex
696 2073 958 2131 planandnmvidetur.
970 2073 1150 2132 Sedpriuscur
1157 2085 1216 2120 sano·

144 2135 211 2181 tribu
218 2134 339 2195 patrissui
349 2135 396 2181 eril
405 2147 475 2182 uxor.
488 2136 572 2195 itaque
581 2136 606 2182 et
614 2149 671 2182 cen·
696 2140 735 2185 tus
743 2140 871 2186 hlatthaens
881 2153 936 2186 cum
945 2141 976 2187 ab
987 2141 1114 2188 Abraham
1123 2140 1215 2201 caeperit

144 2216 185 2250 sus
195 2203 305 2262 tempore
320 2203 447 2251 adscendit
456 2205 547 2264 Joseph
558 2204 587 2250 de
599 2204 671 2251 domo
696 2208 860 2266 generationis
869 2209 991 2268 ordinem,
999 2211 1092 2257 nonita
1100 2209 1214 2271 posuerit:

143 2274 170 2319 el
180 2273 209 2319 de
221 2271 300 2333 patria
311 2270 403 2331 David3
414 2274 442 2320 ut
450 2273 606 2333 profiteretur
614 2286 669 2319 eum
695 2276 769 2322 Liber
779 2278 945 2334 generationis
954 2279 1060 2335 Abrahae
1071 2292 1079 2324 ι
1090 2280 1145 2334 sed,
1155 2279 1215 2326 hiber

142 2343 217 2390 diaria
228 2356 303 2391 uxore
314 2356 366 2390 sna.
377 2343 436 2400 Quae
444 2354 476 2387 ex
489 2343 573 2388 eadem
585 2341 670 2400 domo,
695 2347 847 2403 generationis
857 2347 912 2393 Jesn
923 2347 1011 2395 Christi
1026 2349 1071 2406 sitii
1080 2349 1168 2404 Dauid,
1180 2347 1216 2407 itii
1253 2368 1258 2379 ·

143 2412 169 2458 et
178 2425 209 2458 er
217 2412 302 2460 eadem
311 2410 572 2471 patriaprotessionem
581 2409 670 2468 delen,
695 2413 825 2461 Abrohom.
841 2415 872 2461 Et
882 2427 927 2461 cur
937 2416 983 2462 hos
993 2416 1056 2463 duos
1070 2416 1215 2476 potissimum

143 2481 228 2541 utique
240 2481 349 2539 eiusdem
361 2481 454 2538 tribus,
469 2482 496 2527 et
506 2480 616 2537 ejusdem
626 2492 669 2538 pa·
696 2482 870 2540 nominaverit,
891 2496 1051 2544 nequaquam
1073 2487 1215 2545 pretereun-

142 2549 197 2595 triae
207 2562 233 2595 se
244 2561 297 2595 esse
306 2549 425 2607 designat.
695 2549 752 2595 dnm
763 2551 832 2607 puto.
848 2552 900 2596 Non
912 2551 978 2597 enim
996 2553 1077 2605 otiose
1091 2551 1215 2600 fidelissimi

173 2617 196 2661 lt.
216 2619 319 2674 Cognata
335 2630 431 2674 quoqne
447 2617 527 2663 itariae
544 2616 670 2663 inducitur
694 2618 804 2664 auctores
819 2619 916 2676 generis
931 2619 1071 2678 eliguntur3
1092 2624 1121 2670 nt
1134 2621 1216 2668 intelli·

141 2681 267 2727 Elizabeth
283 2694 290 2725 :
307 2682 387 2739 primo
406 2683 472 2740 quod
489 2695 573 2728 omnes
590 2684 668 2729 ludaei
693 2696 776 2740 gamus
787 2687 852 2744 quod
861 2687 887 2732 in
898 2685 951 2744 ipsa
960 2689 1123 2747 generatione
1133 2689 1216 2746 carnis,

96 2779 99 2785 .
141 2748 252 2806 cognati,
271 2748 478 2807 quemadmodum
496 2750 521 2795 te
540 2752 668 2808 Apostolus
693 2751 811 2808 spiritatis
834 2755 910 2812 magis
930 2756 1054 2802 successio
1076 2757 1215 2817 requiratur.

141 2815 225 2863 docuit
232 2817 316 2864 dicens
327 2829 334 2862 r
347 2818 462 2877 Optabam
473 2820 533 2865 enim
542 2821 668 2869 anatliema
693 2818 746 2863 Duo
756 2819 814 2864 sunt
824 2820 892 2866 enim
903 2820 945 2868 isti
957 2820 1006 2867 viri
1022 2823 1049 2869 iu
1060 2836 1123 2882 quos
1139 2835 1215 2870 mana·

141 2899 187 2933 erse
198 2888 282 2946 ipse...
291 2899 336 2946 pro
349 2886 464 2946 tratribus
479 2889 549 2945 mets,
566 2893 668 2948 cogitatis
693 2888 1008 2949 veruntpromissadivina,

140 2957 264 3003 secundnm
282 2969 392 3012 carnem,
413 2958 454 3016 got
474 2959 527 3004 sont
545 2959 667 3006 leaetnoe.
723 2956 746 3002 l.
763 2955 831 3002 Prior
841 2957 963 3003 Abraham
972 2958 1016 3018 qui
1028 2959 1087 3007 ante
1099 2961 1172 3020 htoys'r
1184 2959 1215 3006 le·

140 3026 251 3084 cognatae
273 3037 348 3085 ergo,
373 3026 431 3085 quia
453 3027 529 3072 ambae
550 3027 667 3075 israelitae
693 3036 762 3083 gem,
780 3025 806 3070 et
816 3025 873 3071 ante
886 3026 1005 3083 populum
1014 3028 1157 3085 Judaeornm
1167 3041 1216 3090 pro-

142 3096 212 3141 erant
231 3108 238 3140 τ
258 3095 331 3141 simul
347 3095 372 3142 et
383 3095 506 3155 cognatae,
521 3095 580 3155 quia
591 3097 668 3143 amhae
693 3093 747 3151 pria
754 3093 935 3153 derelinquens,
943 3095 968 3141 et
978 3108 1129 3154 cognoscens
1136 3100 1215 3154 Deum,

142 3164 212 3209 erant
223 3175 256 3210 ex
266 3165 333 3211 trihu
342 3165 413 3210 tuda.
434 3163 547 3209 hldlclsn
559 3177 591 3210 ex
602 3165 668 3212 trihu
692 3162 784 3207 meruit
794 3161 851 3208 fidoi
868 3162 1053 3223 testimonium
1072 3167 1132 3226 quia
1147 3168 1216 3216 credi·

140 3230 202 3276 tuda
214 3233 326 3290 llariam,
343 3232 410 3279 disce
421 3234 446 3279 et
458 3224 591 3279 Elizaheth.
608 3234 667 3279 itam
692 3231 725 3276 dit
734 3233 796 3287 Deo,
805 3234 826 3277 et
835 3233 966 3290 reputatum
975 3236 1042 3279 estet
1050 3236 1082 3280 ud
1091 3237 1215 3294 justitiane

141 3299 276 3358 decerpens
287 3301 400 3346 Marinio
409 3299 488 3346 diebos
502 3301 560 3355 iltis,
573 3299 630 3347 obiit
643 3303 667 3346 ln
692 3296 734 3355 qui
745 3297 820 3344 etiam
831 3311 844 3344 a
855 3299 908 3345 Deo
917 3300 1014 3359 accepit
1028 3305 1169 3362 oraculum,
1182 3303 1215 3351 di·

141 3367 254 3412 montano
266 3380 319 3412 cum
329 3365 488 3424 festinatione,
504 3369 529 3413 r'n
538 3369 667 3424 finitatem,
692 3366 1158 3427 centesihi:Enideterrutua,etde
1171 3385 1216 3432 eog-
1241 3386 1244 3390 ·

141 3431 233 3491 inquit,
244 3437 324 3492 Jodoe,
340 3437 363 3480 et
372 3437 466 3482 intrent
477 3438 500 3481 in
511 3439 605 3482 domam
618 3440 664 3484 Za·
691 3438 785 3482 notione
806 3439 860 3492 tua,
880 3439 902 3482 et
915 3439 942 3482 de
957 3439 1027 3484 eterno
1042 3442 1119 3498 putris
1133 3443 1167 3486 toi
1173 3473 1181 3497 ‚
1195 3442 1214 3486 et

141 3499 235 3545 etrnrioe.
257 3503 317 3547 (lum
338 3501 405 3547 enim
425 3502 490 3548 intra
512 3504 592 3550 tribus
612 3517 666 3550 suas
690 3505 748 3549 eodo
759 3506 784 3549 in
796 3507 881 3552 terram
894 3518 964 3565 quom
979 3506 1022 3553 ttbr‘
1034 3510 1184 3567 rnorestrobo,
1196 3512 1215 3555 n

141 3567 233 3625 Moyses
248 3566 362 3616 babitare
381 3582 581 3630 unumquemque
603 3583 666 3630 prae-
690 3569 777 3626 sociam
791 3573 812 3618 te
824 3576 944 3632 ingentem
955 3587 1069 3633 ariagnem
1078 3609 1086 3633 ,
1096 3579 1119 3622 et
1131 3577 1215 3624 benedt·

141 3636 280 3695 scripserit:
289 3637 376 3697 utique
386 3652 442 3688 curn
453 3639 478 3686 in
487 3640 587 3689 civitate
597 3640 666 3688 sude
690 3651 741 3684 cum
753 3641 787 3698 te,
798 3642 821 3686 et
835 3641 987 3699 magnificabo
1000 3656 1087 3690 nonno
1103 3647 1182 3703 tonan,
1197 3647 1216 3691 et

141 3702 271 3762 manserit,
285 3707 338 3751 erat
353 3709 379 3753 et
394 3709 421 3756 in
437 3708 504 3757 tribu
518 3710 595 3769 Juda3
613 3723 666 3757 ma·
690 3707 914 3770 erlehenedictus,et
926 3709 1059 3757 marcherum
1068 3713 1216 3760 benedicenter

141 3776 209 3823 xime
219 3784 276 3820 cum
287 3785 319 3821 ex
335 3786 425 3833 genere
436 3778 561 3827 Elisabeth
571 3779 666 3827 tuerint
691 3779 727 3833 te,
736 3778 758 3822 et
767 3777 904 3823 mordicum
914 3779 1074 3826 maledicentes
1082 3783 1113 3839 te,
1122 3784 1143 3828 el
1154 3781 1217 3827 bere

141 3841 291 3900 sacerdotes,
311 3854 415 3902 quorum
434 3842 500 3892 Deus
519 3847 599 3905 portio
619 3849 664 3896 est.
688 3847 792 3892 dicentur
806 3847 830 3892 r'n
841 3849 862 3893 te
873 3860 950 3895 omnes
966 3847 1040 3895 tribua
1051 3852 1128 3898 tnroe.
1147 3850 1216 3897 l'llee

141 3911 219 3958 Simul
230 3923 303 3970 quarn
310 3909 437 3970 pulcrum,
447 3911 476 3958 ut
485 3924 543 3959 curn
553 3914 596 3959 illa
605 3928 666 3973 prar-
691 3915 765 3974 igitur
780 3915 978 3975 congregationes
992 3919 1120 3978 gentium,
1141 3921 1166 3968 et
1180 3931 1216 3966 sa-

141 3980 257 4026 nantium
268 3980 370 4039 Christi,
379 3978 499 4026 Christum
509 3981 556 4027 ista
565 3993 666 4040 genera·
690 3987 840 4031 cresanctum
851 3985 963 4032 Ecclesiae
974 3988 1066 4034 coetum
1077 3990 1176 4036 oraculo
1183 3988 1216 4035 di·

141 4049 224 4096 veritr
235 4049 347 4097 etaltera
358 4049 389 4097 dc
404 4047 496 4110 Spiritu
510 4053 593 4096 mileto
607 4062 665 4097 eon·
689 4052 746 4098 rino
756 4054 870 4100 huiresse
879 4055 1120 4114 primoprolnissum.
1130 4057 1216 4107 ntideo
