2760 4794
411 459 445 503 IN
460 457 620 504 nselmum
634 459 750 507 CXVIII
764 460 955 506 EXPOSITIO.
1181 456 1225 504 57⁷
1302 494 1306 507 .

145 547 201 584 rum
210 535 361 584 descendunt
370 571 377 598 ,
387 537 432 585 hoc
441 539 490 599 est,
504 540 673 598 cumulantur3
699 540 807 600 minum,
819 541 919 601 sperant
933 538 1111 600 indulgentiam
1126 553 1133 587 ε
1147 541 1226 601 etqui

146 606 175 650 ut
194 604 285 653 iaciant
304 618 345 652 eos
366 606 418 654 suis
435 609 552 667 augentes
573 608 673 656 fletibus
699 609 799 657 tletibus
810 610 836 657 et
845 609 960 670 lacrymis
973 609 1072 668 propria
1085 609 1176 658 delicta
1192 611 1229 656 la-

144 670 240 732 impetu
249 673 373 720 exundare
384 673 539 723 torrentium.
555 727 557 730 ,
699 679 804 738 verunt,
816 679 927 738 requiem
944 678 1122 738 promerentur.

174 738 213 785 55.
224 738 285 785 Sunt
292 738 376 786 tamen
385 741 481 788 codices
492 742 534 801 qui
546 741 653 790 habeant
665 756 671 789 a
729 746 941 794 absconditam
951 744 1229 806 scripturisdiviuisqui
1262 804 1268 809 ἱ

142 801 334 860 διεξοδουςῦδατων
341 806 480 856 κατιὸιὸασαν
488 806 615 871 οἱοφθαλμοι
621 828 674 871 μου,
698 816 802 876 quaerii,
812 815 918 862 invenit.
930 817 990 862 Nam
1000 815 1107 875 palmum
1125 815 1188 861 illud
1198 815 1227 861 ut

143 873 190 922 hoc
210 877 262 935 est,
280 880 369 926 noctae
395 893 512 938 equorum
537 882 674 929 direxerunt
699 884 726 930 in
738 884 821 932 dolore
832 884 923 943 positos
933 885 1095 939 consolemur,
1105 883 1176 929 docet
1185 883 1229 930 illa

97 1010 101 1015 ·
143 945 205 992 oculi
213 948 269 992 snei.
278 945 325 993 Sed
335 957 380 1006 ego
396 947 423 993 iu
434 960 511 1006 graeco
523 948 606 995 codice
618 962 673 996 meo
698 965 752 1012 quae
763 953 860 1000 inlibro
869 953 1000 1000 Hieremiae
1010 952 1129 999 flebiliter
1140 952 1228 999 clamat

143 1010 260 1062 εατεὸησαν
273 1015 341 1074 legi,
357 1015 403 1063 hoc
423 1016 473 1075 est,
488 1019 652 1067 descenderam
663 1035 671 1066 :
699 1020 730 1067 ad
740 1022 849 1081 captivos
860 1023 885 1068 et
896 1021 996 1068 exsules
1005 1020 1145 1067 ludaeorum
1157 1035 1163 1065 :
1175 1024 1226 1078 lie,

143 1080 226 1142 inquo
234 1083 421 1144 potestlleri,ut
431 1085 609 1133 inutramlibet
618 1100 672 1144 par·
698 1090 881 1148 proficiscimini,
901 1090 958 1147 plii3
980 1101 1020 1148 epo
1039 1089 1101 1134 enim
1121 1089 1230 1135 derelicta

142 1152 194 1199 tem
201 1153 305 1199 duarum
314 1153 450 1210 adjectione
458 1156 501 1202 aut
509 1153 673 1205 diminutione
698 1171 750 1204 mm
759 1159 856 1206 deserta.
866 1159 932 1205 Enni
939 1171 975 1204 me
983 1157 1066 1204 stolam
1072 1157 1137 1215 posis
1147 1156 1230 1203 :indui

141 1219 280 1269 litterarum
291 1221 535 1281 scriptoremaverit.
699 1229 777 1272 colem
795 1226 880 1273 cloiam
896 1224 1037 1284 precationis
1057 1225 1160 1280 meoe,et
1178 1224 1229 1270 clo-

172 1287 211 1335 56.
222 1289 252 1334 Et
263 1289 350 1336 babuit
360 1289 460 1348 quidem
470 1292 549 1340 multa
563 1306 617 1353 quae
627 1293 674 1341 sse·
699 1294 768 1341 mabo
777 1296 807 1341 od
814 1295 940 1341 Excclanm
948 1296 973 1340 io
981 1293 1058 1340 diebos
1068 1295 1134 1340 meis.
1142 1293 1229 1340 Animo

143 1355 197 1415 ret,
210 1356 249 1403 vel
264 1356 384 1404 incestum
401 1358 472 1418 sillae,
483 1361 525 1406 vel
543 1361 673 1408 interitum
699 1374 765 1420 aeqoo
775 1362 917 1419 estote‚filie.·
928 1363 1027 1408 clamate
1042 1363 1228 1420 adbaptistam

144 1425 248 1472 liliorum
269 1426 334 1474 :sed
348 1427 390 1473 hic
404 1440 454 1474 non
471 1429 516 1475 boc
527 1429 626 1477 tlevisse
647 1443 673 1477 se
699 1432 721 1475 et
730 1430 838 1477 canabei
848 1443 889 1477 vos
899 1431 927 1475 dc
942 1443 1016 1476 manu
1033 1429 1166 1489 principum
1184 1429 1229 1475 ini·

143 1492 219 1553 dicit,
238 1493 281 1541 sed
298 1495 355 1553 quia
373 1507 423 1542 nou
440 1497 574 1544 custodivit
593 1499 672 1556 legem
698 1498 880 1557 animosissime
891 1499 952 1544 enim
963 1497 1228 1556 sparociioilloaeiesno

142 1560 275 1609 Dominill
287 1564 369 1611 sancto
379 1565 433 1611 viro
442 1566 498 1624 plus
509 1568 591 1625 culpa,
600 1579 673 1626 quam
699 1566 797 1612 salntem
813 1569 924 1613 vesicam.
937 1564 1097 1612 Credentibus
1114 1563 1189 1623 igitur
1203 1563 1230 1610 in

142 1641 251 1678 aerumua
261 1631 375 1678 dolletur.
387 1634 466 1679 Flevit
477 1635 560 1692 itaquo
575 1635 673 1692 quando
699 1633 828 1679 Dominum
837 1666 845 1692 ‚
855 1634 891 1679 est
908 1633 935 1678 iu
946 1632 1046 1678 DomIni
1061 1630 1229 1678 misericordia

143 1697 168 1744 ci
179 1698 273 1762 Nptlrau
281 1699 311 1746 de
318 1700 382 1746 Uriae
390 1701 468 1748 morte
477 1700 672 1760 indignationem
699 1701 838 1748 consolatio.
846 1701 886 1747 Est
894 1701 968 1747 etlam
979 1699 1048 1747 aliud
1058 1699 1229 1747 consolatIonis

142 1766 241 1813 Domini
257 1768 380 1815 nuntiavit
392 1781 398 1812 :
412 1769 437 1814 ot
453 1771 582 1828 peccatum
600 1783 672 1817 suum
698 1781 775 1827 genus
792 1769 823 1815 iis
838 1769 880 1828 qui
892 1781 977 1827 graves
994 1768 1114 1816 solverint
1129 1780 1228 1826 poenas,
1306 1800 1314 1809 -

143 1836 174 1883 de
189 1837 389 1895 praevaricatione
403 1839 464 1897 legis
476 1839 584 1896 agnovit.
596 1839 673 1885 Deni-
698 1838 725 1883 ut
737 1837 813 1884 habes
823 1837 941 1896 scriptum
950 1838 976 1883 in
986 1837 1062 1882 Esaiae
1072 1837 1153 1882 libro:
1166 1840 1230 1884 Con-

143 1905 282 1965 queiilioin
291 1906 672 1966 aegritudineconstituto,neque
698 1906 820 1961 salomini,
837 1906 989 1952 corcsoiomini
1009 1900 1118 1963 poputum
1136 1918 1229 1964 comm,

143 1972 227 2020 cibum
238 1973 341 2031 sumsit,
352 1986 433 2032 neque
447 1974 543 2033 regium
556 1974 673 2020 thronum
698 1974 753 2019 dicii
759 1975 874 2020 Dominus
882 1974 1154 2032 :Sacerdoieelopuimini
1159 1975 1183 2019 io
1190 1988 1230 2021 cor

143 2041 187 2093 aut
206 2042 288 2088 cubile
306 2041 464 2100 conscendit,
482 2042 526 2088 sed
541 2043 631 2089 stratus
647 2044 673 2089 in
698 2043 857 2098 Hierusalem,
870 2042 1023 2088 consolamini
1036 2054 1102 2099 eom,·
1120 2044 1231 2099 quoniam

143 2109 327 2170 terra,1'ejuna
351 2122 393 2156 ora
413 2111 529 2170 lacrymis
548 2110 673 2170 diluebat,
698 2111 785 2168 rcplelo
801 2112 834 2158 est
852 2109 984 2159 berintum
1003 2109 1064 2168 ejus,
1080 2110 1181 2157 solutum
1198 2113 1231 2158 cet

144 2189 194 2226 uon
205 2179 255 2225 tam
265 2178 310 2225 filii
321 2180 434 2236 mortem,
446 2191 518 2238 quam
528 2180 622 2238 peccati
635 2181 673 2225 sui
698 2181 816 2239 peccalum
825 2177 888 2237 ejnsp
898 2180 1008 2238 quoniam
1019 2181 1104 2238 occepit
1117 2180 1144 2224 de
1158 2192 1232 2225 manu

145 2247 286 2306 poenampin
302 2247 345 2294 illo
363 2248 447 2295 levare
458 2246 607 2295 desiderans.
621 2248 674 2294 Fle-
702 2249 794 2294 Domini
816 2248 917 2307 duplicia
942 2249 1038 2306 peccota
1059 2260 1112 2293 suo.
1130 2244 1231 2293 Etiamsi

145 2314 196 2374 vit,
207 2315 303 2375 quando
314 2316 443 2362 numerato
453 2316 560 2375 populo,
571 2316 674 2374 repente
699 2312 759 2374 fides
777 2314 877 2370 deerat,
889 2325 962 2373 poena
978 2312 1139 2361 satisfecerat.
1155 2314 1230 2360 Rele-

147 2384 219 2430 corde
232 2386 360 2444 perculsus
376 2384 421 2431 est.
437 2385 549 2442 Denique
564 2386 674 2440 Pecccoi,
701 2384 790 2429 vantur
804 2382 925 2430 solutione
939 2392 1082 2441 poenarum,
1095 2382 1138 2440 qui
1152 2383 1231 2430 absol-

139 2452 243 2513 ·inquit,
262 2456 363 2514 praviter
371 2486 380 2510 ,
398 2457 489 2511 peccori
502 2453 578 2501 simle.
594 2454 676 2500 Flevit
701 2449 1232 2498 vunturcommendationemeritorum.Ter·

146 2521 223 2581 igitur
239 2523 336 2581 primo,
348 2522 406 2581 quia
421 2521 501 2568 elatus
517 2521 583 2580 regia
593 2523 676 2581 potes-
701 2516 1097 2578 tiumest,cumlacrymiscrimen
1107 2517 1230 2578 abluitur;

146 2590 351 2651 tale,quaerondo
361 2602 492 2637 numerum
502 2591 596 2648 plebis,
605 2603 677 2638 men-
701 2588 729 2632 ut
740 2587 776 2633 est
787 2587 849 2634 illud
862 2600 869 2632 ε
883 2588 996 2634 Disceditc
1010 2599 1024 2632 a
1040 2597 1077 2632 sne
1095 2590 1231 2647 omnesqui

148 2726 237 2773 deinde
253 2726 312 2785 quia
322 2727 361 2773 sui
376 2726 465 2773 erroris
475 2726 555 2785 pretio
566 2727 678 2774 vindica·
701 2726 757 2771 dicit
780 2726 896 2772 Dominus
911 2736 989 2770 vocem
1008 2724 1075 2781 pietus
1089 2723 1145 2770 mei.
1162 2723 1231 2780 Quod

147 2795 221 2847 batur
239 2796 265 2842 iu
283 2796 390 2854 plebem.
410 2793 485 2842 Seda
499 2795 605 2841 Domino
624 2796 676 2842 baec
703 2793 778 2838 etiam
799 2793 845 2838 boc
861 2792 929 2849 loco,
948 2793 974 2836 et
989 2791 1116 2849 plerisque
1134 2790 1194 2837 locIs
1205 2790 1231 2837 in

148 2854 271 2924 proposita
283 2876 355 2923 poena
369 2863 466 2920 luerat,
477 2875 527 2909 non
537 2874 551 2908 a
562 2864 629 2922 Rege
641 2864 678 2910 ost
703 2859 765 2905 libro
775 2861 924 2918 psalmorum
935 2858 1009 2905 facile
1021 2858 1155 2918 reperitur.

148 2933 279 2993 postulata.
299 2931 397 2978 Domini
417 2933 546 2995 tamense
566 2933 679 2978 commit·
733 2929 757 2973 5.
779 2928 914 2974 consolatio
932 2928 1007 2985 igitm
1030 2927 1110 2986 prima
1131 2925 1230 2986 ordine,

148 3001 223 3049 tendo
234 3000 422 3056 misericordiae,
439 2999 568 3046 electionis
579 3011 679 3045 causam
704 2995 818 3053 quoniam
833 3008 882 3041 non
896 2995 1049 3042 obliviscitur
1064 2995 1132 3040 Deus
1149 2993 1231 3042 iacere

149 3069 281 3130 probavit:
294 3068 366 3114 simul
378 3069 436 3126 quia
446 3069 547 3125 propter
560 3079 618 3112 eum
634 3079 680 3124 po·
705 3063 906 3121 misericordiam,
917 3075 997 3122 neque
1011 3061 1037 3108 in
1048 3063 1168 3109 aeternum
1178 3074 1233 3120 pro-

149 3140 223 3199 pulus
238 3135 376 3192 laborabat,
387 3136 439 3194 ipse
457 3147 483 3181 se
501 3134 624 3180 offerendo
635 3145 680 3192 pro
703 3130 774 3189 jicit,
790 3145 851 3191 quos
868 3132 993 3190 putaverit
1015 3131 1169 3178 coercendos.
1188 3131 1232 3179 Se-

150 3209 256 3268 populo,
268 3205 380 3252 clationis
396 3203 469 3251 solvit
483 3203 613 3262 iniuriam,
627 3205 681 3263 pie·
705 3199 797 3259 cunda,
816 3200 880 3259 quod
898 3199 1006 3246 decursis
1020 3199 1163 3258 suppliciis,
1179 3212 1234 3258 quae

149 3275 209 3324 tatis
219 3274 331 3336 probavit
341 3273 464 3320 affectum.
705 3271 805 3327 propter
814 3270 916 3328 peccata
927 3269 1007 3315 nostra
1017 3267 1189 3328 toleravimus,
1202 3268 1234 3315 ad

706 3336 803 3382 veniam
814 3338 976 3397 pertinemus.
981 3336 1051 3383 Unde
1059 3336 1170 3383 nonnulli
1178 3336 1235 3396 pbi-

705 3403 814 3464 losopbi*
823 3404 1010 3464 disputaverunt
1020 3405 1105 3451 obesse
1116 3403 1235 3464 improbIs
1249 3438 1252 3442 ι

706 3473 899 3533 absolutionem,
911 3473 1026 3534 prodesse
1038 3475 1143 3521 mortem
1153 3485 1160 3518 τ
1170 3473 1235 3533 quod

151 3446 278 3500 sunno
304 3423 678 3500 acernus-oeream.

370 3551 392 3589 a.
403 3549 462 3589 Saue.
706 3539 731 3586 in
747 3541 790 3587 illa
807 3541 839 3588 sit
850 3541 1003 3589 incentivum
1018 3542 1193 3601 delinquendi,
1208 3541 1236 3589 iu
1306 3537 1313 3543 ”

182 3631 205 3677 p,
216 3630 349 3690 5142me
365 3628 425 3674 gap,
435 3626 520 3674 lister,
531 3625 681 3673 decimam.
706 3609 783 3657 morte
800 3609 882 3656 autem
893 3609 949 3658 linis
959 3610 1053 3658 delicti.
1064 3610 1132 3669 Quod
1143 3622 1236 3656 assum·

152 3690 682 3756 tava‚quaelatinaInterpretatlonedicitur

135 3809 137 3813 ,
153 3765 289 3812 consolatio.
301 3761 360 3808 Post
367 3771 435 3806 more
448 3757 595 3806 torrentium
605 3757 683 3816 lacry-
729 3774 738 3792 ι
749 3773 792 3810 Hac
801 3772 827 3810 d,
840 3783 863 3810 re
872 3772 917 3811 lusa
927 3773 985 3811 Plato
993 3774 1016 3810 ,n
1025 3772 1118 3820 Gorgia,
1127 3769 1166 3807 um
1174 3776 1236 3817 agens

153 3846 206 3881 mas
216 3830 380 3892 profluentes,
391 3828 417 3876 ot
428 3840 514 3888 graves
529 3826 600 3873 iletus
615 3820 684 3872 dolo·
708 3831 783 3865 contra
800 3826 884 3865 Polum·
895 3828 954 3864 inter
970 3827 1010 3864 aua
1026 3827 1099 3863 scema
1116 3836 1121 3861 ι
1140 3830 1175 3858 και
1192 3830 1237 3874 μην

154 3904 203 3963 ris,
229 3901 356 3962 oportebat
387 3897 578 3946 consolationem
603 3896 682 3955 sequi.
708 3870 1237 3938 duellem:pameewooeoimoiwbme

154 3973 216 4020 llam
227 3969 253 4017 et
266 3970 310 4029 qul
320 3969 347 4015 in
358 3967 482 4015 doloribus
492 3966 562 4024 sunt,
574 3964 684 4011 consola·
708 3934 1237 4057 Ξζξοοξαῑ·ρ·ῃοῗθξῖΥιζζῖΐξζξίζαὲζιὲζᾞζὲζ

154 4040 224 4093 fi⁰¹¹⁰¹
235 4037 346 4098 indigent
357 4051 363 4083 ²
375 4038 401 4085 et
412 4036 456 4097 qni
468 4034 583 4095 gravibus
595 4045 684 4110 ΜΨ·
709 4069 777 4109 poenas
792 4068 832 4097 esse
848 4058 960 4106 apparatu
978 4053 1110 4095 continuatio
1127 4055 1199 4090 aulem
1214 4051 1236 4090 in

155 4107 196 4169 pis
212 4117 297 4171 poenas
312 4104 495 4157 commissorum
516 4101 617 4152 luerunt
636 4115 684 4150 cn-
710 4123 753 4152 non
763 4111 925 4159 luouuopoenas.
