2760 4794
141 394 189 446 sut
530 399 650 442 subscri
665 397 828 443 tubnosru
1078 450 1083 458 ,

144 488 223 538 vera,
236 476 286 525 uisi
299 475 342 524 iila
356 486 410 536 que
420 475 555 526 secundum
566 480 669 527 verbum
696 490 755 524 nem
771 481 840 525 illam
849 475 948 526 Domini
959 477 1007 525 sibl
1024 472 1167 537 proluisse,
1178 475 1234 525 site

142 542 191 592 Dei
206 545 258 603 est;
275 545 304 591 ut
320 544 376 605 quis
392 544 513 593 bonorum
527 545 669 593 meritorum
695 547 826 592 Bouitntem
837 545 974 605 fecistiseam
983 558 1048 593 uren
1057 547 1111 602 iso,
1119 546 1235 599 Domine,

143 613 218 673 utque
238 612 359 660 vinnium
381 613 497 663 subsidiis
517 614 623 674 gandeat
643 627 670 662 se
695 615 819 660 secundm
835 614 933 661 verbam
948 616 1030 672 iussu
1044 613 1095 660 boc
1110 612 1168 670 est,
1185 611 1235 659 etsi

144 681 340 732 mssmuuitum.
696 681 739 727 illa
759 681 822 728 inibi
842 681 874 728 ad
893 681 990 741 tempus
1008 691 1094 727 amm
1117 681 1175 729 rien
1196 679 1236 727 eet

173 747 581 806 ¹1.HacDavicliucunditatevel
599 749 671 797 boni-
696 749 835 809 castigatio,
861 748 924 797 milui
949 749 1089 796 secundnm
1111 759 1233 806 cuman,

143 816 197 865 tete
209 816 257 864 Dei
271 817 382 877 laetatur3
398 819 455 878 quia
464 819 550 878 iugum
567 832 671 880 graves
696 815 759 861 mibi
776 817 913 863 secuudum
930 816 1075 865 moeetitlam
1093 815 1233 876 corporist

143 886 274 948 juventute
284 888 408 946 portavit,
420 887 446 934 ut
455 889 586 947 sustinuit,
597 893 670 950 atque
696 884 781 933 iumen
794 884 930 931 secundum
944 884 1048 931 verbum
1063 884 1140 931 tuum
1157 884 1234 931 eusti-

144 952 300 1013 exspectavit
307 954 407 1001 Domini
418 955 446 1003 in
460 967 486 1003 ee
499 957 612 1015 mabam,
622 970 671 1003 riou
696 952 811 1010 munilia
819 951 1041 1000 tructusbonitatis
1050 951 1234 1008 adtulitlllam

143 1020 286 1082 praeripuit,
308 1022 351 1081 qni
372 1035 437 1083 saepe
457 1023 586 1070 occidendi
606 1025 671 1083 regis
697 1019 759 1065 inibi
769 1020 954 1078 castigationem
964 1020 1079 1078 intelligo
1089 1019 1234 1078 proluisse,

144 1087 204 1136 Saul
212 1088 305 1137 tributa
321 1090 369 1137 sibi
384 1091 470 1150 copia,
488 1092 576 1139 maluit
589 1092 671 1139 tamen
697 1087 739 1133 illa
754 1088 913 1146 castigatione
923 1101 963 1134 me
979 1087 1235 1136 avitiisesserevo-
1296 1140 1303 1146 ‚

145 1159 312 1218 exspectares
322 1159 426 1207 Domino
437 1159 565 1208 deferendi
574 1163 671 1221 tempus
697 1156 792 1213 catum,
800 1156 806 1200 i
810 1157 843 1201 lla
853 1155 1010 1214 castigatione
1021 1154 1128 1202 nundin
1135 1155 1236 1214 aliquid

143 1224 260 1287 imperii,
277 1240 349 1286 quam
366 1229 446 1276 occiso
457 1241 514 1288 rege
527 1230 669 1289 praeripere.
697 1223 723 1268 iu
733 1235 772 1268 me
781 1222 879 1269 licuisse
889 1222 1004 1281 tlauitiis,
1014 1234 1059 1280 per
1074 1222 1147 1269 illam
1157 1222 1236 1268 nesti·

144 1292 247 1357 Semper
263 1296 329 1343 neus
349 1297 426 1344 honus
449 1297 501 1354 est3
523 1297 627 1356 ideoque
647 1298 672 1344 et
697 1290 819 1347 gailonem
826 1289 992 1336 Domininihil
1004 1289 1236 1337 inmeadverssrio

144 1360 279 1411 euomuit
290 1376 296 1408 ε
307 1366 365 1412 Vide
378 1377 431 1424 erqo
443 1364 567 1410 bonitatem
579 1366 600 1410 ct
610 1378 672 1412 seve·
698 1357 808 1414 timim,
824 1357 887 1403 ⁰5¹¹ss
905 1356 987 1403 ¹1²01'fl·
1003 1357 1138 1416 usuique,
1154 1359 1236 1405 (Μ’-

144 1431 239 1479 ritotem
246 1434 304 1492 Deir
313 1432 408 1479 bouitas
420 1432 485 1478 enim
494 1432 520 1476 in
531 1443 615 1477 omnes
625 1433 671 1488 est,
697 1437 754 1482 uam
762 1426 881 1483 caelicasit
888 1437 924 1471 me
931 1427 1046 1472 Dominus
1052 1457 1061 1482 ,
1067 1428 1092 1472 st
1101 1427 1177 1473 morti
1185 1438 1236 1472 nott

144 1499 265 1545 seueritas
281 1499 305 1545 in
321 1508 420 1556 paucos.
437 1498 548 1555 Denique
564 1495 673 1543 subdidit
698 1493 792 1538 tradidit
807 1505 857 1548 me,
868 1493 921 1551 ipsc
930 1492 1053 1550 Propheta
1068 1492 1235 1541 memorarit.

144 1560 213 1610 idem
229 1564 355 1625 Apostolus
366 1576 372 1608 ι
385 1566 413 1610 ln
428 1577 466 1611 sos
480 1565 572 1622 quidem
585 1565 625 1622 qai
636 1578 673 1609 ce-
697 1559 831 1618 caligatur
841 1559 908 1606 onim
920 1560 963 1618 qni
974 1560 1115 1620 recipiturs
1132 1562 1179 1621 qni
1190 1573 1236 1608 nn·

144 1630 266 1688 cidemut,
281 1633 440 1679 mentalem.-
450 1632 476 1677 iu
487 1632 508 1677 te
519 1632 596 1677 auten
607 1630 673 1677 boui-
699 1626 749 1671 tem
758 1639 807 1673 non
822 1628 989 1686 recipiuntur,
1001 1640 1052 1675 non
1061 1628 1234 1686 musulanos.

145 1699 229 1747 utem.
240 1698 340 1746 sienim
354 1709 403 1744 non
414 1696 576 1756 cecidissent,
587 1697 672 1757 utique
697 1694 726 1739 ln
736 1693 853 1742 tuberibus
864 1695 931 1743 enim
941 1695 1062 1743 bominem
1071 1709 1124 1743 uon
1133 1701 1207 1755 usi,
1213 1701 1238 1745 et

146 1764 277 1813 uterentur
293 1767 319 1812 et
328 1765 375 1825 ipsi
391 1765 500 1812 boniute
510 1765 566 1812 Dei.
576 1765 637 1811 Nam
648 1767 673 1813 et
698 1773 750 1807 cum
762 1761 894 1811 bemimbos
902 1776 950 1810 soe
958 1763 1152 1823 fluqcllobusttssr.
1163 1765 1238 1813 ideo·

146 1828 197 1889 tibi
216 1833 272 1882 ideo
288 1832 365 1882 bonus
380 1834 432 1893 est,
447 1833 506 1893 quia
520 1845 649 1893 permanes
664 1847 672 1879 ι
698 1840 747 1886 (ἱῐῑθ
757 1840 831 1888 supra
840 1828 876 1877 ist
884 1844 891 1876 ²
899 1833 975 1891 ΨΜ
985 1831 1237 1888 immadem

147 1900 243 1961 quodsi
252 1913 302 1949 non
312 1900 509 1962 permanserisin
518 1901 636 1960 bonitate,
648 1904 673 1951 et
698 1897 767 1944 essue
781 1899 861 1945 corda
871 1899 931 1956 fsto
942 1898 1019 1946 bonus
1028 1899 1163 1959 omilium
1172 1901 1237 1960 quie

146 1968 178 2015 tu
187 1969 324 2028 exciderim
334 1981 386 2017 uon
400 1981 457 2029 erpo
467 1970 533 2017 Deus
543 1969 674 2029 propterea
698 1975 783 2012 omnes
792 1967 859 2013 recto
869 1967 922 2013 vuit
932 1979 985 2014 esse
995 1968 1074 2015 corde.
1086 1967 1237 2025 unientem

147 2036 227 2085 bonno
238 2049 292 2085 esse
303 2038 413 2096 dmtstit,
423 2037 480 2098 quia
498 2039 526 2085 tu
536 2039 619 2098 lapsus
630 2049 673 2096 es,
699 2043 741 2079 cor
755 2033 932 2092 declinaverit,
942 2035 1057 2093 ipsesse
1068 2035 1178 2095 gratiam
1194 2036 1236 2084 di-

147 2100 176 2159 et
194 2105 289 2165 inclines
299 2105 440 2154 scientae.
453 2105 578 2165 Siquidem
596 2107 622 2153 et
635 2118 674 2152 se·
699 2101 764 2146 vinus
773 2101 893 2150 bonitatis
902 2104 1001 2150 evenit

148 2173 240 2237 ueritas
256 2174 304 2221 Del
319 2172 346 2238 in
363 2174 498 2221 bonitatem
509 2173 630 2231 recurrit3
647 2174 675 2222 ut
728 2167 752 2216 9.
769 2169 1147 2230 &mulinheimensem
1162 2174 1236 2222 dest-

148 2240 316 2303 unuequisque
331 2241 463 2300 modestus
481 2241 570 2302 pedam
582 2240 674 2289 referat
697 2236 801 2295 punem,
820 2241 843 2285 et
859 2240 979 2286 xicnbom
996 2241 1050 2286 doce
1065 2252 1123 2301 νιος
1133 2243 1195 2301 quia
1207 2245 1236 2290 in

147 2321 164 2356 ι
179 2309 302 2370 peccatis,
317 2309 344 2357 et
357 2310 389 2357 ad
400 2309 522 2358 virtutum
533 2310 673 2368 tramitem,
698 2307 815 2354 mendatis
828 2308 875 2354 tuis
892 2308 986 2354 medii.
999 2307 1071 2354 iuxta
1084 2309 1236 2368 Apostolum

146 2377 674 2441 bonamqueconrersationemrecurratDe·
698 2372 893 2432 mmilbffllum
903 2374 1237 2434 intelligimusmniadixit:

148 2445 224 2506 nique
246 2445 317 2493 docet
334 2445 366 2493 ds
385 2445 436 2493 illis
455 2445 498 2506 qui
516 2446 672 2504 cecideruut,
700 2441 950 2501 Videerpobouitotem
958 2443 1236 2492 Douniniduxtaiivnn·

41 2556 46 2567 ,
148 2512 292 2572 Apostolus:
302 2513 452 2573 ριιίαιίποη
467 2517 637 2573 permanserint
648 2518 673 2561 iu
698 2509 789 2567 getium
804 2508 900 2568 χρηστὸν
910 2522 984 2558 snare
1001 2511 1148 2570 accipimus.
1158 2514 1236 2561 Dixit

147 2583 307 2628 incredulitate
312 2584 466 2638 ,ememtes
474 2585 558 2630 Potens
568 2586 630 2630 euim
641 2588 673 2632 est
699 2577 765 2622 enim
778 2591 785 2622 ἲ
799 2579 879 2624 Titulle
892 2578 976 2637 jupam
990 2592 1096 2626 mum...
1114 2584 1173 2641 quia
1184 2584 1235 2630 leve

147 2653 211 2698 Deus
226 2652 310 2696 iterum
325 2653 424 2696 tmerere
437 2650 488 2696 illos
494 2664 503 2708 ,·
514 2650 542 2696 ut
556 2652 673 2710 quemad.
698 2646 743 2700 est,
754 2647 777 2691 et
787 2658 844 2693 ottus
855 2659 944 2702 numm,
956 2649 1012 2707 quia
1022 2661 1091 2695 suove
1102 2653 1147 2697 est.
1158 2650 1234 2698 Dixit

148 2715 247 2781 modum
259 2715 354 2762 deserta
364 2715 479 2774 virgulta,
487 2716 521 2763 ita
530 2718 555 2764 et
562 2717 673 2765 homines
699 2711 778 2769 essim,
788 2711 814 2756 τὸ
825 2728 910 2772 popius
924 2729 967 2772 μου
976 2714 1079 2774 χρηστὸν.
1091 2717 1165 2764 Unde
1176 2729 1235 2765 me-

148 2784 218 2833 velnt
241 2783 382 2830 caudicibus
407 2784 552 2842 quibusdam
575 2786 673 2834 virtutis
698 2782 745 2829 rito
759 2781 891 2828 bonitatem
905 2783 952 2828 Dei
966 2784 1060 2842 abipso
1079 2785 1170 2842 quaent
1185 2785 1234 2832 do·

148 2850 249 2909 iuserti,
259 2851 378 2898 bonorum
393 2849 487 2899 tructus
499 2852 593 2912 possint
608 2852 672 2902 terre
699 2849 762 2908 ceri,
780 2862 811 2896 ne
827 2850 890 2897 torte
906 2850 961 2909 quis
980 2851 1149 2909 perfunctorie
1162 2853 1233 2899 acci-

147 2920 301 2979 meritorum.
311 2920 422 2966 Accuses
433 2932 532 2967 necesse
549 2921 586 2967 est
595 2922 672 2969 medi·
697 2919 768 2977 piens
780 2918 870 2965 bonum
884 2918 964 2965 Deum
980 2931 1044 2976 esso,
1059 2919 1085 2965 iu
1101 2920 1234 2967 eicotibus

148 3001 205 3038 cum
215 2987 380 3046 crudelitatis3
391 2988 449 3047 quia
459 2988 607 3049 putrefactas
618 2992 672 3037 vui·
698 2986 848 3045 perseueret,
855 2987 920 3044 quod
927 2998 972 3044 per
977 2987 1173 3034 misericordiam
1181 2989 1233 3035 Dei

115 3098 118 3104 .
147 3068 235 3104 nerum
250 3055 322 3103 fibras
337 3054 402 3102 terro
418 3055 544 3115 putaverit
555 3069 672 3104 exsecari·
697 3055 759 3101 sciat
769 3054 941 3112 impunitatem
957 3055 1008 3101 suis
1023 3055 1074 3102 dari
1084 3064 1159 3114 posse
1169 3068 1235 3114 pee-

147 3124 266 3184 dae3qnia
273 3123 347 3170 nonin
358 3124 384 3170 et
391 3123 517 3182 serpentia
527 3125 609 3172 ulcera
620 3125 671 3184 igni
698 3122 774 3180 catis;
785 3134 841 3167 cum
850 3123 898 3169 etsi
909 3123 1035 3181 indulgeat
1044 3124 1179 3181 Dominus,
1189 3126 1234 3172 tn-

146 3192 281 3249 adusserit,
293 3203 325 3238 ne
335 3192 404 3239 virus
418 3191 443 3237 in
451 3191 567 3238 ulteriora
577 3205 672 3250 proser-
697 3201 754 3235 men
765 3189 829 3236 ioeda
839 3192 875 3235 est
886 3192 1037 3238 conversatio
1047 3192 1073 3238 in
1081 3191 1233 3242 criminibus

146 3259 218 3322 peret
233 3273 241 3305 s
258 3260 299 3306 vei
314 3260 371 3320 quia
390 3260 505 3317 magister
525 3258 671 3317 discipulum
698 3268 794 3315 semper
809 3258 910 3303 haerere.
928 3259 980 3303 Non
997 3271 1053 3317 ergo
1071 3260 1170 3306 bouitas
1180 3261 1233 3308 ista

146 3325 319 3373 verberaverit
346 3325 523 3382 negligentem
547 3329 574 3371 ut
602 3328 672 3373 metu
698 3323 1233 3386 vulgarisest:sedquaeseurperdissipliuas

146 3393 280 3441 verberum
293 3390 409 3437 indueret
420 3390 671 3448 diligentiumtcmti-
698 3392 824 3447 exspectet
834 3390 980 3448 proiectum.

146 3470 205 3519 pure
221 3456 287 3504 enim
301 3456 404 3503 amantis
420 3459 471 3518 est,
481 3467 530 3501 non
545 3468 688 3505 sxsecran·-
728 3458 766 3503 lu.
781 3458 887 3516 ideoque
905 3458 947 3517 qui
960 3459 1078 3518 inteiligit
1092 3461 1168 3508 altam
1179 3463 1231 3510 Dei

146 3524 197 3583 tis,
209 3525 235 3572 et
250 3521 429 3579 ideobouitatis
439 3523 491 3581 est,
503 3534 551 3569 non
567 3523 673 3571 crudeli·
698 3525 909 3584 essentialium,
922 3525 1004 3572 doceri
1015 3527 1138 3576 desiderat
1150 3530 1231 3577 &am

146 3591 215 3640 tatis.
228 3591 304 3638 Recte
323 3602 380 3649 ergo
403 3591 429 3636 et
443 3589 560 3637 Dominus
580 3591 672 3655 ubique
698 3592 860 3652 disciplinam.
872 3597 932 3641 llam
949 3597 1061 3656 plerique
1079 3588 1231 3646 avertuntur

147 3659 186 3709 est
196 3660 287 3719 bonus,
301 3658 327 3707 et
341 3670 397 3706 curn
410 3657 515 3705 remittit
525 3658 634 3718 flagitia,
647 3664 672 3709 et
697 3663 801 3709 astudio
811 3663 963 3725 disciplinae,
978 3666 1035 3713 dum
1047 3677 1100 3713 eam
1112 3679 1231 3716 severam

146 3726 617 3791 compeccatacastigatztlaaliuoleoiot
623 3731 672 3776 Do·
698 3731 826 3777 ettristem
833 3732 1229 3792 arbitranturzsedperspicuciur

144 3798 223 3847 minus
233 3808 300 3856 quem
311 3796 394 3856 dilicit.
627 3837 630 3841 .
697 3810 770 3845 sensu
779 3798 974 3860 intelligitquud
981 3801 1136 3861 disciplinati
1145 3802 1229 3850 tristis

178 3863 202 3911 s.
213 3864 346 3923 Castigatus
357 3866 394 3910 est
407 3864 482 3911 etism
494 3863 581 3910 David.
595 3863 671 3910 Deni—
697 3867 728 3911 ad
735 3867 831 3925 tempus
838 3867 878 3924 sit,
887 3869 1060 3926 posterioribus
1067 3868 1109 3916 liat
1114 3867 1231 3926 jusunda,

147 3942 196 3989 quo
207 3932 241 3977 nit
255 3934 302 3978 :lii
314 3931 349 3990 tui
365 3932 495 3990 anastatus
509 3934 560 3977 toto
569 3933 613 3978 die.
623 3932 670 3979 Sed
697 3931 855 3991 temporibus.
866 3932 913 3979 Sed
924 3934 961 3980 cst
975 3934 1157 3994 disciplinatui
1170 3949 1229 3984 cor-.

149 3997 187 4044 vir
205 3997 316 4057 sapiens,
330 3999 374 4063 spui
391 3997 518 4048 intellexit
533 3997 672 4064 castigatio·⁴
696 3999 775 4062 reptio
786 4001 910 4051 severior:
924 4001 962 4051 cst
978 4002 1054 4054 ctiam
1062 4003 1227 4060 motcrafim,
