2760 4794
521 208 527 235 Ι

142 387 190 436 396
538 390 657 436 sineri
674 391 834 435 Anonosll

145 471 673 533 candoraternaelucisiliustrat.8edquam-
699 473 792 521 alicubi
810 473 894 520 deesse
914 470 1067 532 sapientia,
1083 471 1176 518 alicubi
1188 468 1235 528 ejas

147 541 185 586 vis
195 538 284 587 diffuse
295 551 341 598 per
350 550 450 597 omnes,
460 540 486 587 et
500 540 527 587 in
537 552 636 598 omnes,
648 541 673 587 et
697 540 781 588 deesse
801 539 932 598 majestas?
946 540 1020 587 Sane
1045 538 1173 600 fugientes
1192 549 1231 584 nur

146 621 219 668 supra
230 620 314 655 ornnes
324 606 457 667 potestates
465 609 510 668 sit3
521 610 580 669 quia
594 609 673 657 omni·
696 609 803 668 retinet,
818 621 868 655 non
879 609 949 668 cogit
963 607 1070 655 invitos
1082 619 1091 652 a
1105 607 1149 654 sed
1163 616 1231 664 neque

146 676 192 723 bus
210 679 278 722 orfus
293 688 326 721 cx
337 674 439 735 Virgine
452 677 502 735 est,
517 678 543 726 et
561 677 631 723 lionis
648 677 673 723 et
697 675 790 726 fastidit
800 676 1040 737 appropinquantes
1053 690 1061 722 r
1075 677 1104 723 et
1113 672 1229 733 illiusqui·

147 743 218 790 malis
229 742 237 802 (
244 745 307 791 sicut
319 745 344 792 et
358 745 434 793 solem
446 758 517 793 suum
533 745 593 792 oriri
602 744 673 802 iubet
697 743 753 791 dem
767 745 941 803 virtus,illius
951 744 1075 790 Verbum
1086 743 1152 790 oeus
1165 741 1229 787 onni-

102 840 105 845 -
145 811 674 874 superbonosetmaloslillumtamenfovet
697 812 742 859 bus
758 825 833 874 prope
852 814 889 861 est
905 815 957 860 :fn
976 814 1035 872 ipso
1056 812 1127 860 enim
1140 810 1229 857 mrum

145 881 187 938 qui
199 882 379 942 appropinquat
391 881 447 928 sibi.
459 881 602 928 sicutenim
618 893 632 926 a
646 891 673 927 se
697 885 787 941 omnio,
796 885 911 944 elipecest
921 884 998 942 capnt
1006 883 1119 942 eorporis
1127 879 1225 934 ΕΜ

145 946 266 1007 fulgorem
284 951 342 997 solis
355 949 480 1008 excludit,
496 949 539 1009 qui
555 947 674 994 fenestras
697 952 723 996 in
743 953 879 1011 quaomnia
898 950 1031 998 inhabitat
1052 949 1176 1010 plenitudo.
1190 945 1226 992 Sei

144 1017 232 1064 dornus
252 1031 302 1066 suae
319 1019 445 1076 clauserit,
456 1019 586 1076 locumque
602 1019 674 1063 lene·
697 1019 826 1078 plerosque
841 1019 871 1065 ab
881 1030 914 1065 eo
924 1019 1038 1078 peccata
1051 1013 1224 1073 secemnnt,lr

146 1085 244 1133 brosunr
255 1087 283 1135 in
292 1100 340 1147 quo
352 1080 502 1145 diversetur,
512 1086 614 1144 elegerit
623 1098 630 1130 r
639 1085 673 1130 ita
698 1087 786 1144 quibus
795 1087 887 1134 dictum
896 1087 938 1134 est
947 1100 954 1132 a
964 1088 1033 1134 Ecce
1047 1087 1092 1146 qui
1104 1086 1222 1144 elonqcetu

145 1154 229 1212 quise
247 1155 366 1202 averterit
385 1167 400 1201 a
421 1157 472 1202 sole
490 1154 608 1213 iustitiae,
625 1165 673 1199 non
697 1158 758 1213 cle,
772 1157 887 1216 peribant.
900 1156 978 1202 Unde
998 1155 1107 1202 unctus
1124 1151 1222 1210 Propheta

146 1223 226 1280 potest
242 1223 397 1282 splendorem
413 1223 467 1281 ojus
481 1223 608 1282 adspicere
624 1235 630 1267 τ
647 1223 673 1268 in
697 1223 732 1270 nit
749 1225 825 1271 :llilri
844 1227 924 1272 aulem
940 1223 1075 1271 edboerere
1092 1225 1141 1270 Deo
1156 1219 1221 1266 mers

146 1292 256 1339 tenebris
273 1293 394 1351 ambulat,
406 1294 431 1339 ct
447 1292 474 1338 in
489 1291 598 1338 omniurn
617 1291 672 1338 luce
696 1296 737 1339 ccl.
756 1295 785 1340 Et
799 1293 930 1352 Apostolus
949 1291 1100 1339 ostendens
1122 1300 1219 1336 nonest

145 1360 198 1419 ipse
208 1359 256 1406 silri
266 1371 338 1406 causa
348 1360 386 1408 eet
396 1359 588 1406 caecitatis'luas
598 1358 674 1417 igitur
697 1361 767 1420 longe
778 1362 857 1408 Deum
876 1360 909 1406 ab
928 1371 1095 1418 unoquoque
1110 1358 1219 1404 nosfrunr

146 1429 183 1474 illi
195 1429 263 1488 aperi
273 1427 408 1485 fenestras3
419 1428 448 1475 nt
463 1429 514 1474 tofa
530 1427 616 1473 domus
630 1426 672 1473 tua
696 1434 725 1478 ln
739 1437 800 1492 ipio,
817 1427 914 1488 inquit,
927 1429 1056 1484 uiuimus,
1075 1431 1099 1476 ct
1110 1439 1218 1482 munerun,

146 1499 199 1545 veri
212 1498 307 1558 fulgore
316 1500 373 1546 solis
383 1499 484 1545 illuceat
494 1511 501 1542 :
513 1496 582 1555 aperi
591 1495 673 1542 oculos
696 1506 717 1550 et
727 1513 815 1550 snmus.
823 1498 934 1545 Vitalem
946 1496 1053 1542 etenim
1064 1495 1218 1552 omnibusne

146 1570 214 1625 tuos,
234 1570 263 1616 nt
281 1569 367 1616 videas
387 1569 508 1614 orientem
525 1565 571 1613 tibi
596 1564 673 1611 solem
696 1574 756 1619 fiam
764 1568 966 1624 subministrans,
974 1563 1219 1625 omnibuspraestoert

144 1634 254 1690 justitiae.
271 1636 319 1682 Sed
337 1648 396 1683 cave
407 1648 438 1681 ne
457 1647 498 1681 eos
509 1635 560 1680 ulla
576 1633 672 1691 strpdae
696 1651 797 1688 munere
808 1635 925 1683 bonitatis
937 1647 992 1681 suae
1005 1647 1013 1679 a
1027 1635 1077 1682 sed
1092 1633 1181 1694 propior
1192 1632 1219 1680 esf

146 1699 378 1760 festucaperfurbet.
386 1701 411 1747 Si
417 1701 476 1761 quid
483 1700 560 1747 sordis
568 1699 594 1745 in
602 1701 672 1747 oculo
696 1707 800 1769 illisqui
811 1704 917 1753 contrito
934 1703 999 1751 sunt
1012 1703 1103 1750 corde.

143 1767 221 1817 fuerit
231 1770 320 1817 mentis
330 1772 394 1829 tuae,
405 1782 454 1816 non
462 1769 554 1829 poteris
562 1769 671 1815 intueri:
725 1778 764 1824 ne,
775 1774 845 1834 Quod
851 1774 926 1820 vetus
935 1783 1044 1830 quoque
1055 1784 1103 1831 per
1113 1770 1220 1829 aenlgnrafa

145 1838 406 1899 Siluidaellfltuffississ
415 1840 470 1898 lssus
480 1839 606 1898 tramiti
617 1849 672 1883 ⁰⁰¹1·
696 1845 796 1895 historia
812 1841 891 1889 docet.
906 1840 1011 1899 Moyses
1032 1841 1062 1887 in
1073 1840 1162 1888 montis
1168 1839 1219 1886 Sinai

144 1905 224 1954 fusam
235 1909 361 1955 ⁰⁰¹¹l⁰l¹1m
373 1908 451 1955 aciem
462 1907 586 1966 1¹1¹f⁰fits
595 1907 672 1966 ¹1¹⁰i0·
696 1912 827 1975 superciliu
838 1910 905 1966 erat,
923 1908 951 1954 et
961 1908 1038 1956 solus
1051 1910 1108 1956 erat
1118 1922 1125 1954 :
1137 1909 1220 1967 popalus
1246 1968 1251 1973 ᾖ

145 1986 246 2035 remque
261 1977 370 2024 dolorem
380 1976 481 2023 excitat.
494 1975 531 2022 Sit
542 1988 598 2034 erqo
614 1977 672 2023 slm-
696 1983 808 2040 iuwHe,
820 1980 847 2026 in
859 1977 908 2023 imo
920 1977 1021 2023 montis
1035 1990 1043 2022 a
1056 1975 1188 2036 presbyteri
1200 1974 1220 2020 in

145 2047 204 2104 plex
220 2047 305 2094 oculus
325 2047 399 2105 tuus3
419 2057 451 2091 ne
469 2044 572 2103 incipiat
593 2045 671 2092 toturn
695 2054 766 2112 parto
780 2046 869 2096 montis
887 2056 964 2104 supra
979 2045 1080 2092 merita
1092 2043 1221 2103 plebis‚seb

144 2125 232 2172 eorpus
242 2115 314 2161 tuum
324 2125 377 2160 esse
389 2112 552 2169 tenebrosum,
564 2113 672 2161 etvacil-
695 2122 800 2182 plurimo
825 2113 958 2162 intervallo
985 2125 1004 2158 a
1032 2114 1115 2172 Moysi
1144 2113 1221 2160 meritis

145 2180 181 2228 let
191 2180 218 2227 in
226 2181 335 2240 lumine,
346 2180 411 2228 sicut
421 2180 478 2226 sunt
488 2192 606 2227 cecorum
616 2194 671 2230 ves·
696 2187 810 2248 separati.
821 2186 874 2232 lion
885 2193 972 2228 omnes
984 2181 1017 2227 in
1030 2182 1144 2240 vertice,
1156 2192 1221 2240 neque

145 2248 213 2309 tigla-
696 2260 721 2303 in
740 2257 788 2302 imo
807 2263 904 2308 omnes,
925 2248 971 2296 sed
994 2251 1130 2309 populosa
1146 2250 1222 2308 lloyses

175 2317 214 2367 1⁸0.
225 2317 349 2378 Numquid
359 2318 380 2364 si
392 2317 448 2376 quis
458 2317 520 2364 ostia
527 2316 612 2364 domus
622 2331 671 2366 suae
695 2327 759 2372 solus
770 2320 898 2370 invertire
910 2317 971 2364 Sina
982 2318 1099 2377 montis,
1110 2318 1152 2378 qui
1161 2319 1222 2364 latina

145 2388 255 2446 claudat,
267 2388 324 2434 solis
338 2386 376 2433 est
393 2387 465 2444 culpa
475 2385 540 2444 quod
550 2398 599 2432 non
614 2387 671 2433 illu·
695 2389 897 2452 interpretatione
904 2386 1012 2444 dicitur,
1020 2389 1131 2435 tentatio.
1140 2386 1222 2433 Ettusi

144 2458 224 2506 minet
234 2458 332 2504 domum
341 2455 408 2514 ejus?
417 2457 477 2514 Ergo
487 2455 508 2501 si
519 2456 574 2514 quis
584 2468 671 2514 pecca·
695 2473 768 2519 supro
782 2456 934 2506 tentationes
951 2454 1122 2502 adscenderis
1130 2486 1138 2512 ,
1146 2455 1170 2502 et
1178 2466 1222 2502 eon

145 2529 225 2572 torum
246 2537 344 2572 suorum
369 2523 492 2582 repagulis
512 2524 670 2570 obserandam
695 2529 752 2575 trito
778 2527 849 2573 corde
872 2522 998 2570 detuleris
1034 2535 1157 2582 precem,
1182 2524 1222 2568 lico

145 2594 252 2638 mentem
263 2590 385 2650 propriam
392 2591 551 2648 judicaverit,
563 2593 587 2636 et
596 2593 671 2638 Verbi
695 2598 820 2657 proximus
831 2595 879 2641 eris
891 2606 898 2637 t
911 2592 933 2637 si
946 2593 1048 2639 mundo
1061 2593 1135 2639 corde
1148 2592 1222 2650 fueris,

145 2672 159 2704 a
170 2672 196 2704 se
207 2659 360 2716 splendorem
369 2658 457 2704 stultus
468 2659 573 2716 avertat,
585 2671 612 2705 ac
624 2660 670 2706 sibi
696 2668 720 2713 et
731 2666 845 2713 tuDeum
856 2660 955 2707 videbis
967 2674 974 2704 ι
984 2663 1064 2708 Beati
1074 2662 1142 2707 enim
1151 2663 1222 2708 insudo

145 2726 234 2772 inferat
249 2725 396 2784 insipientiae
412 2726 563 2784 caecitatem
576 2731 670 2775 causari
695 2737 773 2792 coriae,⁴
784 2734 839 2792 quia
848 2731 891 2790 ipsi
901 2732 979 2775 Deum
989 2730 1118 2777 videbunt.

144 2794 235 2854 poterit
256 2793 321 2853 quod
339 2793 374 2838 sol
392 2793 493 2850 justitiae
505 2794 613 2841 noluerit
632 2797 670 2842 in·
724 2801 763 2847 [45.
772 2798 941 2858 QuiergoDeo
950 2797 1091 2855 proximus
1102 2796 1221 2856 est‚dieif:

144 2864 268 2920 trare,aut
279 2861 445 2908 infirmitatem
456 2861 555 2908 luminis
565 2865 670 2914 coeleslis
694 2872 770 2928 Prope
788 2881 811 2914 es
820 2899 828 2924 ,
843 2866 959 2920 Domine,
978 2867 1002 2910 et
1019 2868 1106 2913 omnio
1122 2867 1223 2926 precepto

144 2932 262 2992 arguere?
272 2932 353 2978 Pulsat
363 2931 464 2989 januam
474 2931 543 2976 trram
553 2933 600 2978 Dei
609 2935 671 2980 Ver·
695 2940 736 2983 fria
750 2937 845 2983 veritos.
862 2932 962 2978 iudaeus
972 2932 1025 2978 hoc
1037 2946 1091 2980 non
1109 2932 1223 2992 pofestdi·

144 3001 211 3048 burn.
224 3002 250 3048 Si
260 3002 349 3060 quis...
360 2999 419 3045 irriti
430 3001 560 3058 operuerit,
574 3000 669 3060 inquit,
695 3017 763 3062 cere,
772 3003 814 3063 qui
824 3014 871 3047 non
882 2999 974 3057 recipit
982 3001 1127 3047 Dominum
1138 3004 1221 3060 lesum3

143 3071 245 3118 intrabo.
264 3070 290 3116 sl
312 3068 367 3128 quis
385 3079 441 3126 ergo
461 3079 509 3113 non
532 3071 669 3129 aperuerit,
694 3071 815 3131 separavit
838 3070 903 3117 enim
922 3079 1029 3126 se,nee
1050 3069 1077 3114 in
1089 3071 1222 3125 veritatem,

143 3139 317 3199 numquidnon
326 3135 494 3196 ingredientis,
504 3139 529 3183 et
538 3149 585 3183 non
594 3139 670 3197 magis
694 3142 773 3188 sedin
785 3139 895 3186 umbram
907 3136 998 3183 credit.
1011 3137 1147 3194 Quomodo
1158 3139 1220 3185 dicit:

143 3220 192 3253 non
204 3205 338 3266 aperientis
349 3204 386 3250 est
397 3203 557 3263 culpaidihil
569 3207 669 3263 quidem
693 3213 812 3271 Praecepta
824 3213 865 3255 rua
873 3207 973 3264 ,sentam
986 3217 1049 3250 eum
1063 3208 1143 3264 gratia
1154 3208 1177 3254 et
1186 3219 1222 3252 ve·

142 3277 195 3322 Deo
225 3276 262 3322 est
288 3273 441 3330 obseratum,
468 3271 532 3318 nihil
559 3273 669 3320 clausum
694 3281 752 3326 ritas
772 3290 816 3337 per
837 3278 919 3322 lesum
939 3273 1072 3321 Christum
1093 3275 1159 3323 facta
1181 3275 1221 3331 sit;

143 3348 233 3393 aeterno
245 3347 333 3393 lumini
347 3359 353 3391 ε
366 3345 409 3392 sed
419 3345 501 3404 portas
515 3345 616 3393 malitiae
628 3347 669 3393 de·
694 3361 749 3395 cum
761 3360 816 3394 eum
827 3356 877 3392 non
888 3342 1020 3401 agnoscat,
1033 3344 1079 3401 qui
1091 3344 1193 3391 veritate
1201 3344 1221 3388 et

143 3414 256 3473 dignatur
278 3414 389 3472 aperire,
409 3412 533 3461 conclavia
549 3425 598 3460 non
616 3416 669 3463 vult
693 3415 849 3476 plenitudine
866 3410 1138 3459 circurncisionissuae
1153 3413 1221 3458 toturn

142 3483 270 3544 penetrare
284 3483 410 3543 nequitias.
693 3483 810 3530 anundum
821 3478 945 3528 redemit?

171 3550 211 3600 bl.
222 3554 259 3600 An
269 3566 327 3601 vero
338 3565 394 3599 eum
405 3551 491 3598 animae
501 3550 590 3598 nostre
601 3550 669 3610 vigor
722 3551 761 3597 ll.
770 3551 872 3597 &barus
883 3560 970 3615 sersus
979 3547 1019 3594 est
1033 3562 1040 3593 r
1054 3550 1127 3596 fullio
1137 3546 1221 3608 coquent

142 3624 239 3682 putrem
258 3622 365 3682 corporis
383 3620 490 3680 refugiat
517 3621 668 3680 portionem,
693 3621 718 3666 do
730 3619 863 3666 testimoniis
871 3618 931 3675 tuis,·
943 3617 1001 3675 quia
1013 3618 1042 3662 in
1053 3616 1170 3664 oetei'nurn
1175 3616 1222 3674 picr-

141 3692 207 3750 quod
225 3693 278 3750 eins
290 3690 393 3749 gratiam
405 3690 513 3748 corrupti
532 3689 598 3736 artus
615 3702 669 3736 sen·
693 3690 753 3735 dosii
762 3701 799 3734 eo.
808 3688 843 3732 De
852 3682 1017 3742 testimoniis,
1027 3684 1129 3743 inquit,
1139 3685 1187 3729 tuis
1195 3683 1221 3727 ab

141 3761 189 3808 tire
199 3771 248 3806 non
259 3759 363 3819 possinf3
375 3759 440 3804 Dens
451 3758 568 3816 corruptae
582 3758 669 3805 animae
693 3756 764 3802 initio
785 3754 947 3813 cognitionem
969 3751 994 3797 et
1015 3752 1096 3799 fidem
1106 3752 1220 3805 adsparsi,

141 3829 251 3875 membra
270 3825 381 3887 quaedam
405 3825 519 3883 dignatur
541 3825 670 3873 habitare?
692 3824 757 3882 quod
768 3824 795 3869 in
806 3824 924 3868 aeternum
940 3819 1047 3867 fundata
1068 3821 1141 3877 sunt3
1159 3819 1221 3865 tesfi-

143 3897 236 3943 animae
249 3896 333 3943 nmen
348 3895 417 3953 vigor
435 3906 479 3952 per·
496 3907 583 3952 corpus
597 3907 668 3941 omne
692 3892 803 3940 monium
821 3891 889 3939 enim
908 3890 981 3937 fidele
1003 3891 1059 3948 est,
1080 3890 1105 3937 et
1129 3889 1220 3948 praestat

143 3964 301 4022 diffunditur,
312 3964 364 4010 sive
375 3974 474 4018 marrus,
483 3961 535 4007 sive
547 3974 604 4020 pes,
616 3961 668 4009 sivo
692 3960 800 4021 parvulis
826 3960 995 4026 sapientiam.¹
1006 3959 1034 4004 Si
1056 3957 1220 4019 cognovissent

144 4032 234 4092 digitus
244 4033 367 4092 particeps
377 4043 461 4080 seruus
472 4030 509 4078 est
518 4044 524 4073 ε
534 4031 579 4079 Dei
589 4031 668 4091 polest
693 4029 768 4077 Adam
787 4030 812 4077 et
822 4031 871 4078 Eva
885 4028 949 4089 quod
965 4027 1036 4087 quasi
1048 4028 1160 4088 parvulis
1172 4026 1219 4072 dala
