2760 4794
47 499 50 504 -
69 463 116 514 2ilt
467 456 586 500 sancit
601 452 761 498 amssnttstt

70 547 223 606 ingrediatur
234 542 330 601 diem⁸3
341 544 368 590 ut
380 541 522 588 informatus
533 538 600 596 agni-
627 536 694 582 Unde
706 538 731 581 ct
742 547 786 593 por
800 535 876 579 iirctra
889 529 1050 578 adseruntur
1064 542 1123 578 esse
1135 530 1178 576 de-

71 618 139 664 iione
163 614 370 663 sacramentorum
394 611 530 656 coelestium
552 620 600 653 non
626 605 719 664 scripti.

71 685 141 748 quasi
158 683 240 740 rudis,
256 682 300 728 sed
310 681 378 741 quasi
394 679 496 725 rationis
507 689 600 734 capax,

71 752 322 798 tuncdemumsuum
334 761 423 794 munus
434 746 552 793 altaribus
564 757 601 790 sa-
741 741 869 795 smfflo
889 740 1056 794 Flemus,

72 820 121 866 eris
135 817 417 875 oderat,otrmcoeperit
430 827 483 861 csse
497 814 601 859 instruc·
834 852 852 889 N
871 851 947 900 nepa

71 888 136 946 tior3
154 900 186 934 ne
203 887 330 934 onerantis
346 885 443 931 inscitia
454 881 603 929 contaminet

72 958 204 1006 oblationis
220 957 373 1016 mysterium.
658 946 872 994 infimitatem
884 945 961 1005 Alcpli
972 943 1179 1001 dicitnr‚cujus

102 1028 127 1074 5.
149 1027 246 1074 'titulus
265 1028 347 1074 autem
368 1022 473 1080 Psalmi,
499 1021 604 1079 Alleluia
628 1016 798 1077 interpretatio
816 1014 927 1061 doctrina
942 1014 1017 1061 est'.
1046 1015 1177 1060 Sollicitas

73 1097 181 1157 est3boc
189 1096 302 1153 est,laus
310 1095 365 1140 Dei.
377 1094 403 1137 ln
412 1092 451 1137 his
459 1090 525 1136 enini
534 1090 605 1148 hym·
628 1101 700 1146 ergo,
719 1084 917 1143 auditor,plenos
936 1083 1070 1130 doctrinae
1088 1095 1175 1129 versu!

72 1165 114 1213 nis
128 1177 187 1214 vere
205 1164 272 1210 Deus
285 1159 410 1219 laudatur,
427 1159 553 1220 inquibus
568 1162 604 1206 ost
629 1151 989 1214 essequisequuntur,debes
1007 1163 1174 1211 praetimere.
1211 1185 1216 1192 .

72 1235 230 1294 peccatorum
240 1232 362 1280 remissio.
374 1230 486 1288 Denique
497 1229 523 1274 in
534 1241 606 1286 supc-
658 1224 682 1270 θ.
700 1227 767 1272 Beati
777 1221 937 1276 immanitati,
956 1219 1065 1279 inquit,
1083 1222 1110 1266 in
1118 1222 1175 1267 ria:

72 1303 139 1348 riore
157 1303 251 1362 psalmo
269 1301 350 1359 passio
366 1298 465 1345 Domini
481 1296 605 1356 praemissa
629 1296 670 1355 qai
684 1292 807 1340 ambutant
822 1291 847 1336 in
863 1290 910 1348 tege
921 1291 1035 1336 Domini.
1050 1292 1124 1336 Beati
1137 1290 1176 1348 qni

74 1374 126 1428 est;
138 1383 193 1429 qnae
204 1368 323 1415 mundum
334 1368 400 1413 hunc
413 1366 501 1423 diluit,
516 1366 544 1410 ut
554 1363 606 1421 dig·
629 1365 765 1413 scrutamur
775 1361 907 1408 testiinonta
917 1360 969 1418 ejus
984 1375 993 1406 .·
1006 1363 1034 1406 in
1048 1363 1101 1406 tota
1111 1360 1174 1405 corde
1189 1365 1195 1371 '

74 1450 119 1485 nos
138 1437 231 1484 iaceret
246 1439 348 1496 populos
365 1435 408 1494 qui
425 1435 506 1480 Deum
521 1433 608 1477 imma·
630 1434 757 1492 exquirunt
777 1444 838 1476 cain.
860 1429 939 1485 Quam
961 1429 1079 1488 pulcher
1100 1429 1172 1484 ordo,

74 1505 157 1552 cutato
168 1518 209 1552 ore
218 1503 355 1551 laudarent.
367 1505 422 1562 ipsa
430 1513 526 1561 quoque
537 1501 607 1546 litte·
630 1514 703 1562 quam
718 1501 807 1561 plenus
822 1498 940 1544 doctrina·
957 1498 985 1544 et
1001 1499 1108 1556 gratiae!
1125 1498 1174 1542 aa·

74 1585 159 1620 rarum
185 1574 325 1630 elementa,
350 1573 378 1619 ut
401 1571 483 1617 omnia
508 1570 607 1616 hebraea
630 1571 714 1630 prius,
736 1571 777 1629 qui
796 1570 916 1616 scrutatur
940 1569 1088 1614 testimonia
1114 1568 1172 1624 ejus,

74 1642 191 1700 nomina,
202 1654 251 1688 nou
261 1642 318 1688 sunt
324 1640 480 1687 rationabilis
487 1638 608 1697 interpre·
630 1640 695 1686 dixit
705 1637 795 1699 (potuit
803 1637 870 1683 enim
878 1636 1021 1682 convenire
1033 1635 1173 1681 secunda

74 1710 262 1758 tationisracua
272 1710 346 1768 atque
357 1708 491 1764 immunia,
503 1717 607 1765 quorum
630 1704 753 1766 litteram)
767 1705 810 1751 sed
828 1704 917 1763 prius:
933 1705 1007 1749 Beati
1024 1703 1174 1749 immaculati

76 1778 269 1840 significationes
295 1778 356 1824 locis
382 1776 434 1823 suis
458 1776 606 1835 aperiemus.
630 1778 656 1823 ia
672 1778 720 1823 m'a.
738 1775 800 1820 Ante
816 1773 884 1819 enim
899 1771 952 1818 vita
968 1785 1050 1831 qnam
1063 1771 1173 1818 doctrina

76 1847 229 1895 centesimus
245 1848 271 1895 et
281 1844 427 1893 undecimus
442 1845 550 1904 psalmm
562 1856 608 1902 per
631 1843 762 1905 quaerenda
774 1843 820 1888 est.
836 1843 904 1887 vrrs
914 1852 987 1887 exim
1005 1841 1075 1887 bona
1087 1843 1114 1888 et
1124 1841 1173 1888 sine

74 1917 122 1964 lias
142 1914 240 1963 litteras
258 1915 285 1962 in
303 1915 406 1962 flenraeo
429 1913 456 1958 in
479 1912 608 1972 principiis
631 1914 741 1960 doctrina
756 1911 832 1958 babet
848 1909 972 1969 gratiam:
987 1909 1110 1956 doctrina
1123 1909 1173 1956 ane

75 1984 257 2032 versiculorum
267 1983 377 2044 digestus
388 1983 439 2041 est,
450 1983 476 2029 et
491 1981 529 2029 est
542 1982 608 2027 totus
632 1982 682 2028 vita
699 1979 866 2039 integritatem
881 1989 932 2024 non
948 1978 1038 2026 babet.
1051 1980 1084 2025 tn
1100 1979 1175 2026 male·

77 2053 223 2101 ethicnszet
230 2052 381 2100 centesimus
388 2051 608 2098 decimasmihiita
631 2051 711 2097 volam
727 2048 820 2095 etenim
836 2047 945 2093 animam
962 2058 1018 2093 non
1040 2047 1118 2094 cadet
1137 2059 1174 2094 sa-

854 668 927 680 t——

76 2121 182 2182 scriptus
200 2121 308 2171 ridetur.
330 2120 445 2180 Denique
464 2120 564 2168 vicenos
582 2120 608 2167 et
631 2119 734 2179 pientia.
745 2118 851 2175 ldeoqne
860 2116 895 2162 ait
906 2128 914 2161 ι
926 2117 1043 2176 Quoercnt
1054 2131 1096 2163 nse
1106 2117 1173 2171 aaa,

75 2188 149 2237 binae
165 2202 252 2238 versus
264 2189 371 2249 liabent,
389 2192 414 2236 et
431 2188 533 2248 singulis
552 2200 609 2235 ver·
631 2192 653 2236 ct
664 2188 851 2245 nominemicnt3
869 2184 928 2244 quia
944 2185 1115 2244 improbitate
1128 2199 1175 2234 ear·

77 2258 146 2305 sibus
166 2258 273 2318 singulae
293 2257 451 2318 explicantur
469 2257 607 2304 sententiae.
632 2259 701 2305 catur
711 2256 801 2315 mentis
817 2256 916 2313 oculus,
936 2255 962 2301 et
983 2256 1115 2313 caligante
1128 2257 1174 2303 siti

108 2364 118 2384 ⁴¹
133 2362 250 2411 Quodnam
267 2364 294 2401 sit
311 2363 367 2401 illud
387 2361 533 2402 sacrificium.
550 2361 609 2408 qnod

632 2328 777 2387 iniquitate,
787 2326 904 2385 mysteria
914 2323 1045 2384 proinnda
1056 2326 1172 2372 invenire

77 2413 187 2462 mm
196 2426 235 2451 u»
243 2415 340 2462 meaa.
351 2416 390 2451 »at
399 2418 482 2450 mmm
496 2414 608 2459 emean-
632 2407 680 2441 non
691 2395 781 2453 potest.
792 2393 900 2439 Primum
911 2404 969 2450 ergo
981 2393 1132 2440 exercenda
1140 2397 1173 2440 est

77 2472 112 2504 ter
120 2467 250 2508 sammua
259 2468 320 2505 tacite
331 2466 387 2514 apud
400 2466 499 2513 antiquos
512 2467 609 2513 reperias.
632 2463 690 2511 viiae
709 2463 814 2520 militia,
838 2460 977 2520 corrigendi
997 2474 1095 2510 mores.
1117 2465 1175 2509 (im

78 2522 234 2562 Ditficultatem
250 2531 301 2558 vero
313 2522 375 2557 etiam
390 2519 445 2556 illud
458 2522 534 2565 auget,
551 2520 610 2567 quod
633 2531 684 2577 haee
694 2530 873 2578 instipuerimus
883 2530 1028 2576 adturgum
1042 2532 1173 2589 debitum,

78 2574 369 2614 certumecttiucharisitam
383 2575 469 2610 initiatis
482 2576 554 2610 statim
566 2576 609 2620 post
693 2600 698 2608 .
806 2600 811 2609 .
848 2600 853 2609 .
990 2598 995 2607 .
1110 2601 1116 2609 .
1156 2601 1161 2610 .

78 2634 190 2677 acceptum
199 2629 300 2676 baptisma
308 2628 453 2665 administrari
461 2629 610 2665 olimsotitam.
633 2599 660 2645 υἱ
679 2602 712 2646 s¹t
729 2601 868 2646 ⁰ffe¹¹⁸¹⁰¹1¹³
892 2599 1034 2657 ⁰⁰m⁰¹¹⁰t
1057 2602 1174 2659 Panum

79 2685 180 2722 Attamen
190 2692 242 2718 cum
252 2682 376 2718 Ambrosius
384 2681 420 2718 bic
428 2691 471 2718 non
482 2680 508 2716 de
520 2681 610 2728 simplici

79 2737 244 2780 communione,
256 2734 291 2772 sed
302 2735 328 2770 de
336 2735 439 2771 sacrificio
451 2734 568 2780 loquatur;
582 2735 610 2770 ita
655 2738 664 2755 ¹
672 2736 764 2772 Dallaeus
773 2737 795 2771 in
804 2736 861 2772 libro
870 2736 899 2770 De
909 2746 945 2770 um
957 2734 1053 2777 Petrum,
1063 2747 1114 2783 pag.
1126 2737 1174 2780 aaa.

78 2795 144 2839 potest
152 2790 192 2826 troc
201 2789 316 2836 disciplinae
324 2788 466 2825 ecclesiastiae
475 2793 545 2836 caput,
552 2788 610 2836 quod
633 2792 707 2827 scribit
715 2792 738 2826 in
751 2791 809 2826 hunc
821 2790 924 2826 modum:
935 2806 944 2819 ι
954 2788 1018 2825 blera
1026 2793 1115 2827 somnia
1124 2802 1174 2828 nar-

79 2845 136 2882 torte
150 2843 264 2880 Mediolani
277 2847 362 2880 tantum
373 2843 492 2887 obtinebat,
502 2843 609 2890 explicari.
635 2861 643 2875 ι
653 2848 685 2880 rat
696 2842 820 2881 Ambrosius
830 2843 1020 2879 lectoribussuis...
1030 2845 1054 2879 in
1064 2843 1174 2881 Psalmum

78 2898 220 2935 Praebebatur
229 2898 317 2944 quidem
328 2897 433 2944 neophyto
442 2898 512 2934 statim
525 2909 536 2934 e
548 2898 611 2934 sacris
634 2914 644 2929 ιο
653 2900 699 2942 tta,
707 2897 761 2933 dum
770 2897 855 2943 exponit
865 2895 952 2933 nomina
961 2895 1127 2935 hebraicorum
1135 2899 1174 2935 ele·

80 2950 176 2988 tontibus
188 2960 268 2996 egresso
282 2949 382 2987 divinum
396 2951 611 2996 sacramentum,sed
634 2967 644 2982 ι
654 2954 793 2994 mentorum,
803 2961 815 2985 a
827 2950 906 2996 quibus
917 2953 1009 2985 sumunt
1021 2952 1117 2989 initium
1129 2963 1174 2988 rer·

79 3004 137 3040 torte
156 3004 293 3051 depromtum
310 3014 322 3039 e
340 3004 447 3040 turricula
466 3014 529 3050 super
547 3005 611 3041 altari
634 3006 716 3042 nsicnli
724 3005 860 3051 singulorum
870 3005 1174 3051 octonariorum‚etc.·tto=

80 3063 150 3097 erecta
161 3059 195 3095 vel
203 3070 229 3096 ex
238 3069 303 3095 aurea
317 3062 441 3105 argenteave
453 3059 553 3096 columba
566 3060 611 3096 ibi-
634 3061 697 3097 semel
703 3060 748 3105 jam
756 3063 805 3096 ante
812 3059 942 3095 ostendimus
948 3057 1064 3096 doctorem
1072 3066 1174 3098 nostru

79 3114 141 3157 dm,
152 3116 190 3149 aut
203 3113 227 3149 in
240 3113 360 3159 baptisterio
373 3121 480 3159 suspensa,
494 3113 517 3148 in
532 3114 612 3159 quibus
633 3114 656 3148 in
666 3112 762 3148 eruenda
772 3112 926 3148 hebraicorum
936 3112 1057 3148 nominum
1069 3115 1175 3162 signifia-

80 3168 133 3205 olim
149 3167 205 3204 illud
222 3167 380 3204 adseruabantur.
396 3166 481 3204 Verum
497 3168 586 3204 interim
599 3179 611 3203 a
635 3167 691 3203 tione
709 3166 824 3213 aliquando
842 3166 915 3201 nunus
931 3164 1027 3202 feliciter
1044 3168 1172 3206 desudat:

80 3222 183 3259 sacrificio
195 3231 233 3268 per
246 3221 288 3257 dies
297 3224 375 3267 septem
388 3220 487 3265 aberant,
497 3221 550 3256 dum
564 3222 611 3267 ple·
635 3230 713 3256 verum
723 3224 743 3256 et
754 3220 786 3256 illi
795 3229 841 3256 aero
850 3229 893 3265 quo
903 3228 946 3254 non
955 3219 984 3253 ita
992 3224 1174 3259 communicarat

80 3273 129 3309 nius
138 3274 291 3319 mysteriorum
302 3272 422 3316 cognitione
430 3271 611 3307 informarentur.
635 3274 827 3318 hebraicaelinguae
836 3273 935 3319 cognitio,
943 3272 966 3308 id
975 3274 1127 3312 tribuendum
1135 3280 1173 3319 at:

80 3327 143 3364 Certe
152 3326 268 3371 praecipuae
300 3326 371 3371 priscis
381 3326 421 3360 iltis
430 3327 557 3361 antistitibus
569 3336 612 3362 cu-
636 3327 1027 3373 necipsiinsultandum‚cumsuper
1036 3338 1061 3363 ea
1071 3339 1097 3365 re
1105 3332 1173 3377 scrip-

79 3390 113 3416 rae
137 3378 496 3423 tuitrecensbaptizatosinstitucre
515 3378 613 3416 doctrina
636 3383 751 3426 toresquos
762 3385 808 3417 tum
821 3380 881 3417 licuit
894 3380 1035 3417 consuluerit.
1045 3381 1173 3429 Optandun

80 3432 235 3478 mysteriorum
248 3440 298 3476 quae
313 3431 372 3475 prius
385 3429 469 3466 cosdem
482 3430 547 3467 celata
561 3433 611 3468 iue-
636 3434 723 3480 quidem
734 3439 783 3470 esset
796 3444 848 3470 curn
860 3435 881 3469 in
894 3433 959 3470 tontes
968 3435 1045 3473 minus
1059 3442 1175 3484 corruptos

80 3487 138 3520 rant.
158 3483 215 3531 Cum
235 3484 267 3519 iili
286 3483 375 3529 demum
397 3483 543 3520 instructiores
562 3485 612 3522 iacti
636 3487 804 3531 incidisse‚cum
818 3488 970 3523 forienullum
980 3488 1052 3525 alium
1068 3493 1173 3537 repererit

81 3544 159 3586 essent,
168 3543 216 3576 tum
224 3540 270 3577 illos
279 3540 406 3577 oblationem
416 3549 475 3575 suam
483 3565 489 3581 ‚
498 3539 520 3575 id
529 3544 568 3585 est,
578 3552 613 3588 pa-
636 3544 714 3586 praeter
725 3540 818 3577 Philonis
826 3541 966 3587 Etymologias
975 3553 980 3577 :
990 3553 1046 3588 quas
1055 3547 1085 3580 tot
1097 3547 1173 3583 tantis-

80 3602 132 3629 nem
141 3602 153 3628 a
163 3590 270 3627 sacerdote
279 3591 447 3627 consecrandum
459 3591 485 3626 ad
495 3593 569 3628 altaria
581 3605 613 3631 so-
636 3602 678 3637 que
686 3591 797 3629 erroribus
806 3597 906 3630 scatentes
915 3594 978 3630 tuisse
988 3595 1051 3631 docet
1063 3597 1173 3646 Hierony-

81 3645 129 3682 litas
137 3644 222 3681 adferre
232 3642 334 3680 credibile
343 3648 376 3679 est.
388 3644 440 3678 liam
450 3644 515 3680 moris
525 3645 579 3691 tuit,
588 3652 613 3684 ut
636 3655 697 3689 mus,
710 3649 734 3682 nt
744 3646 794 3682 inde
803 3647 829 3682 ad
838 3657 870 3683 eas
879 3648 1027 3694 expurgandas
1036 3651 1128 3696 ipsemet
1137 3653 1173 3688 in·

82 3697 229 3743 unusquisqne
245 3706 320 3742 panem
338 3696 395 3732 unde
411 3698 613 3737 communicaturus
636 3697 763 3735 duceretur.
772 3700 806 3737 Ad
821 3701 878 3741 tiaec,
889 3711 933 3738 non
948 3702 1062 3747 ignorabat
1080 3706 1174 3743 Dallaeus

81 3751 191 3796 erat,ipse
200 3749 296 3786 olterret.
306 3749 372 3786 Porro
382 3750 497 3797 neophytos
509 3754 612 3791 sacrificio
636 3760 702 3796 quam
720 3761 814 3798 pronum
831 3753 857 3789 sit
875 3754 897 3788 in
915 3754 1046 3800 explicandis
1063 3758 1174 3794 vocabulis

81 3803 149 3840 adase
161 3812 204 3839 non
219 3803 360 3847 consuevisse,
374 3803 413 3840 boc
429 3804 515 3840 videtur
528 3807 612 3843 contir-
636 3803 688 3840 adeo
700 3806 815 3852 multiplici
828 3794 981 3896 signifflmne
995 3811 1058 3855 quasi
1070 3811 1127 3848 toetis
1140 3822 1174 3848 er-

82 3865 144 3894 mre
156 3856 216 3903 quod
227 3856 353 3893 Ambrosius
367 3867 390 3893 ac
405 3857 537 3903 Augustinus
551 3861 613 3898 variis
637 3869 691 3895 rare.
706 3858 762 3907 Quae
777 3869 825 3895 sanc
840 3870 892 3895 eum
949 3861 1088 3901 modestiores
1102 3874 1174 3901 senatu

82 3909 390 3956 lotissacramentumquidem
398 3911 420 3946 in
428 3913 490 3948 altari
500 3913 572 3951 vidisse
579 3925 613 3951 eos
637 3922 737 3948 revocare
753 3911 871 3950 debuerant
887 3923 938 3959 erga
955 3918 1021 3952 tantae
1038 3920 1175 3956 auctoritatis

82 3961 192 4008 adserant,
206 3963 233 4000 dc
247 3964 352 4000 sacrificio
366 3968 437 4000 autem
456 3967 515 4012 piane
531 3967 611 4005 sileant.
637 3964 803 4012 Patrcm‚cujus
815 3967 921 4013 imprimis
930 3969 1071 4007 excellentem
1086 3972 1172 4009 librum

84 4014 246 4054 Addedubium
258 4026 297 4054 esse
311 4019 392 4055 nemini
402 4019 484 4055 eosdem
498 4030 540 4058 non
553 4023 613 4067 prins
637 4019 891 4067 laudaverat,inquiens:
903 4037 912 4052 ·
922 4020 980 4067 Opus
991 4024 1042 4061 alias
1056 4030 1173 4073 pratus,

83 4071 143 4116 gregi
161 4071 256 4109 aliorum
272 4071 371 4109 fidelium
390 4074 515 4119 coujunctos
535 4075 612 4119 inisse,
637 4075 675 4107 aet
688 4072 809 4118 eloquentia
823 4084 914 4121 sanaque
931 4076 1028 4113 doctrina
1045 4079 1172 4125 raterium.

83 4128 150 4170 qaam
159 4123 235 4162 stolam
245 4122 356 4162 madidam
366 4123 500 4174 deponerent.
637 4141 646 4156 ι
657 4125 758 4173 lectuque
767 4126 818 4163 adeo
829 4128 979 4172 dignmtmum
991 4145 998 4157 *-

37 4298 296 4464 Λ
