2760 4794
106 341 151 389 itt
493 342 614 389 sintii
628 340 790 388 amonesii

107 427 268 475 membratur
280 425 408 489 palaestra,
419 425 513 472 diutius
524 423 634 482 exercet,
661 423 755 472 minum
773 436 828 483 quae
846 423 910 471 bene
928 424 994 472 tecta
1009 424 1089 484 atque
1101 425 1196 471 munita

107 495 136 542 ut
142 495 259 543 roboreti
273 494 308 543 ita
319 493 362 554 qui
372 492 473 541 exercet
484 493 592 540 mentem
607 492 635 538 in
659 493 730 541 suut:
741 492 855 539 ceterum
861 491 1022 552 incomposita
1030 492 1085 540 cito
1092 491 1194 540 stltiaul.

107 563 235 622 scripturis
246 563 351 622 fflvinb,
362 562 404 610 vcl
414 561 441 609 iu
449 554 572 620 consiliis,
581 560 635 608 diu·
659 562 718 608 iude
729 560 874 619 usurpatum
890 562 928 608 est
942 573 948 606 :
963 561 1092 608 Stitlieidin
1102 561 1196 620 elidam

107 630 157 680 tius
168 629 380 680 uereorodebet.
659 632 856 678 dominemindie
866 631 968 691 irremoti
978 630 1195 690 dedomocaco3in

139 698 178 746 it.
189 702 270 747 linivit
283 701 309 747 io
324 711 432 760 compara
446 702 522 748 innoc.
537 700 636 747 Graecus
659 712 708 758 quo
726 698 823 758 trigoris
843 698 999 759 asperitate,
1020 698 1049 745 et
1069 698 1194 758 frequenti

108 767 173 816 dixit
186 765 342 827 ἆὸολισχησαι,
352 770 454 819 uanum
463 769 635 827 deambulare,
660 767 723 814 aeris
731 767 866 813 mutatione
875 766 1008 813 tentamur.
1020 766 1141 825 Denique
1152 765 1195 812 do-

109 837 150 885 vel
161 839 281 885 exerceri.
294 838 405 885 Rebecca
415 838 532 886 veniebat
544 850 551 883 ι
563 838 636 896 typus
660 847 745 882 cemur
759 835 909 894 providere,
926 846 958 882 ne
977 834 1035 893 fuya
1051 837 1139 881 nostra
1153 833 1195 880 iat

108 907 137 953 in
152 918 182 953 ca
197 906 396 967 preocursnatur
411 907 525 954 Ecclesiae
540 917 547 951 c
565 916 636 963 pars·
660 903 749 962 byeme
763 904 804 950 vel
815 903 925 950 sabbato.
936 903 1054 950 Probatos
1066 903 1135 951 enim
1144 902 1193 961 jam

108 973 198 1022 bantur
208 975 316 1035 nuptias,
327 974 352 1021 iu
361 975 450 1035 quibus
459 974 635 1022 sacramentum
659 981 703 1017 nos
713 972 767 1020 dies
776 972 852 1019 debet
861 971 972 1030 reperire
983 971 1025 1017 vel
1035 970 1130 1029 iudicii
1138 1002 1146 1030 ,
1153 970 1192 1017 vel

108 1040 172 1091 toret
189 1055 313 1106 maguum.
329 1043 422 1090 videns
438 1043 577 1090 Patriarcba
593 1042 635 1087 illa
660 1040 759 1100 mortis;
775 1052 807 1087 ne
818 1039 931 1087 viduatos
945 1038 1122 1087 viriditatibus
1139 1049 1193 1099 pro·

107 1113 235 1173 mysteria,
244 1113 323 1162 exivit
332 1114 358 1160 in
366 1125 489 1171 campum,
499 1111 636 1159 diliundens
660 1122 801 1168 sparorum,
811 1110 837 1157 ct
852 1109 918 1155 omui
936 1109 1055 1168 spoliatos
1072 1109 1193 1156 secundo·

107 1183 268 1229 acrimoniam
276 1195 326 1229 suae
337 1182 437 1240 mentis,
445 1185 470 1229 et
478 1181 636 1228 deambulans
659 1191 714 1225 rum
725 1178 784 1225 dore
795 1189 951 1226 successuum
962 1176 1045 1224 exitus
1057 1178 1146 1227 mortis
1157 1176 1192 1224 in·

108 1249 287 1297 ininuocentla
302 1249 382 1296 cordis
398 1249 445 1295 sui.
460 1248 569 1296 Diversis
586 1247 636 1294 uti-
659 1247 753 1296 veniat.

107 1331 157 1378 quc
168 1319 355 1378 cogitationibus
366 1317 498 1364 exercebat
509 1317 635 1376 animum,
690 1317 729 1363 ll.
745 1317 880 1363 caveamus
897 1328 955 1377 eryo
973 1328 1006 1364 ue
1022 1315 1191 1376 unusquisqne

108 1387 135 1434 et
149 1387 176 1434 iu
185 1387 341 1434 mirabilibus
357 1387 481 1446 mysteriis
496 1386 636 1433 delectaba·
659 1386 768 1432 nostrum
780 1385 893 1443 ejiciatur
904 1384 934 1430 de
945 1386 1012 1432 statu
1024 1384 1119 1432 inentis
1129 1396 1190 1442 sua,

32 1486 38 1500 .
107 1463 165 1502 tur:
175 1454 245 1514 euius
255 1456 283 1502 ut
293 1455 401 1503 imitator
414 1455 530 1502 evaderet
538 1456 636 1500 sanctus
660 1452 797 1500 etuaturali
806 1453 911 1512 quadam
918 1453 1060 1510 mansione,
1071 1451 1094 1498 si
1103 1453 1192 1500 babeat

107 1524 244 1584 Propheta,
262 1525 345 1573 doceri
362 1524 549 1582 justificationes
570 1523 634 1581 Dei,
660 1521 978 1577 toraminamansionum,e
989 1520 1083 1579 quibus
1090 1520 1189 1567 liuentia

108 1594 135 1641 ot
149 1593 215 1640 viam
228 1593 378 1651 justitiarum
389 1592 525 1640 coelestium
537 1603 636 1650 coquos-
659 1588 1190 1648 stillicidiatamquamextundameutissuli·

109 1672 166 1709 cere
176 1662 310 1721 gestiebat3
320 1661 349 1708 ut
359 1673 408 1707 nou
421 1660 540 1706 dormiret
552 1658 635 1706 anima
659 1659 731 1704 ruant
743 1657 869 1703 bominem
884 1657 951 1703 nulla
964 1657 1096 1716 sapientiae
1109 1656 1189 1704 solidi·

90 1726 163 1787 'ejus
176 1729 258 1777 wenti
274 1728 345 1776 istius
359 1740 486 1784 somnum3
502 1739 548 1773 nec
563 1739 636 1772 mun-
659 1727 709 1771 tate
723 1725 861 1772 fundatum
878 1725 984 1784 ideoque
1001 1725 1187 1784 aitProplretu·

109 1797 178 1845 dauas
189 1799 274 1856 captus
284 1795 400 1843 vanitatis
408 1793 532 1842 illecebris
539 1805 635 1852 ,aper-
659 1795 722 1848 Fili,
733 1807 761 1840 nc
776 1795 872 1852 defluos.
882 1793 1052 1840 confirmanda
1065 1793 1105 1840 es't
1116 1793 1188 1854 iqitur

109 1859 633 1939 sequendaveritatisintentioueditllueret.
659 1860 741 1906 anima
751 1861 845 1919 nostra,
861 1872 893 1906 ne
909 1860 1000 1916 stillet3
1016 1861 1042 1908 et
1060 1860 1188 1910 individua

124 1915 178 1981 45.
198 1934 250 1991 Qua
267 1932 361 1979 ratione
380 1942 438 1990 erqo
456 1929 538 1976 doceri
557 1928 634 1987 velit,
659 1928 778 1975 virtutum
793 1940 907 1987 compage
924 1927 1066 1986 solidanda,
1074 1929 1105 1976 nt
1116 1929 1187 1989 possit

109 2001 238 2052 subtexuit
255 2002 358 2050 diceus.
371 2001 470 2049 stillavit
485 1999 567 2046 naimo
581 2012 634 2045 meo
660 1997 732 2056 lleqis
743 1997 827 2045 aetcrnr
839 2009 936 2045 servare
944 1998 1104 2057 mysterium
1115 2000 1188 2048 Gete-

106 2085 158 2133 proe
174 2072 267 2119 toedc'oc
283 2069 395 2127 confirmo
406 2081 443 2114 me
453 2068 479 2113 tn
488 2066 564 2113 ontis
579 2067 633 2113 tois.
659 2077 713 2111 rum
725 2065 746 2112 is
756 2065 906 2125 quicumque
917 2067 955 2113 est
965 2064 1064 2113 tacilis‘
1055 2079 1086 2114 ru
1097 2067 1187 2126 verbis,

108 2140 191 2202 Aliqui
199 2139 296 2189 codices
306 2138 410 2196 babent,
421 2137 566 2194 domitant,-
576 2136 634 2195 quis
621 2132 728 2182 «velut
738 2134 826 2193 plenus
838 2135 970 2194 rimarum,
982 2134 1030 2182 bac
1041 2136 1119 2196 atque
1135 2137 1188 2184 illac

107 2206 216 2263 δνπαξιν
229 2211 256 2258 et
270 2204 353 2261 ἔσταξεν
368 2207 463 2256 duabus
479 2204 569 2254 litteris
584 2207 635 2254 dis-
659 2203 777 2263 etllueus,
788 2204 905 2251 interiora
922 2205 1100 2262 evacuatsua,
1111 2208 1137 2254 ct
1147 2219 1189 2253 ex·

107 2280 204 2330 sonant.
213 2278 294 2326 Potuit
302 2278 424 2336 interpres
434 2274 474 2323 vel
483 2274 635 2334 antiquarius
660 2273 791 2321 terioribus
808 2272 962 2334 passionibus
977 2272 1139 2332 inundatur,
1154 2276 1189 2324 tc-

108 2349 212 2408 scriptor
223 2348 263 2395 bic
275 2346 328 2393 talli
339 2343 461 2400 ενυσταζειν
471 2343 576 2391 dormire
588 2345 634 2402 est,
659 2355 716 2403 qere
735 2356 760 2391 sc
772 2342 899 2402 nesciens,
915 2354 962 2390 uec
981 2343 1069 2390 tenere
1086 2344 1189 2392 verbum

107 2416 190 2472 σταζιιν
197 2413 442 2463 stillare.l>erieetior
451 2425 500 2459 non
510 2411 634 2472 dormitat,
658 2411 724 2470 quod
734 2411 873 2470 acceperit:
883 2411 946 2458 sicut
956 2412 1040 2457 sancta
1048 2413 1128 2459 bieria
1136 2425 1188 2474 qum

107 2485 151 2545 qui
161 2484 253 2531 divinis
265 2484 375 2530 animum
384 2481 491 2528 intendit
501 2481 633 2540 mysteriis.
659 2480 817 2528 conservabat
828 2480 909 2526 omnia
919 2480 995 2526 verba
1006 2479 1033 2526 in
1044 2481 1123 2529 corde
1133 2493 1189 2541 suo,

108 2553 220 2612 Denique
231 2552 283 2610 ipse
294 2549 423 2596 alibidicit
433 2561 440 2593 a
452 2548 478 2596 Si
485 2550 565 2595 dedero
574 2563 635 2597 som-
658 2561 691 2595 ue
702 2548 763 2607 quid
774 2561 805 2595 ex
817 2548 869 2606 ejus
880 2548 951 2594 corde
963 2547 1097 2596 detineret.

109 2635 166 2668 uum
177 2622 248 2667 oculta
258 2621 328 2676 mdc,
340 2621 382 2665 ont
390 2617 505 2677 palpebris
512 2619 568 2665 mos
579 2619 634 2665 dor-
689 2617 727 2663 is.
743 2617 795 2662 Tali
810 2630 837 2664 se
852 2616 972 2663 munitam
990 2616 1048 2663 dote
1065 2618 1189 2666 virtutum

108 2691 261 2738 abactionem.
273 2686 322 2733 Sed
340 2685 426 2745 vigilat
443 2695 559 2742 semper3
574 2685 599 2731 et
612 2686 634 2732 si
658 2685 765 2731 Ecclesia
777 2686 901 2744 loquitur;
913 2685 941 2731 ut
952 2685 1025 2744 digna
1036 2684 1156 2734 videatur
1165 2688 1189 2734 ln

109 2769 165 2805 caro
177 2755 277 2815 dormit,
289 2768 330 2802 cor
345 2753 438 2813 viqilat.
450 2753 501 2799 Non
512 2764 568 2811 erqo
579 2753 634 2799 dor·
658 2753 729 2810 cuius
743 2753 861 2800 invitatus
879 2754 984 2813 Sponsus
1000 2755 1122 2804 succedat
1138 2756 1190 2803 bos·

39 2872 42 2877 ,
108 2825 215 2882 miebat,
226 2824 269 2883 qul
281 2823 401 2883 templum
416 2820 521 2868 condere
531 2822 634 2868 Domino
658 2822 756 2881 pillum.
767 2822 830 2870 ilinc
838 2821 944 2882 primum
957 2835 983 2870 se
995 2824 1128 2883 praesumit
1138 2836 1189 2873 esso

108 2893 231 2952 cogitabat
245 2892 377 2941 verborum
395 2889 532 2937 coelestium
543 2891 634 2938 exaedi-
658 2891 821 2951 placituram,
840 2892 861 2937 si
882 2890 945 2938 bene
964 2893 1076 2950 tectam,
1098 2895 1126 2940 et
1144 2893 1189 2941 fida

107 2962 238 3022 ficatione,
248 2974 297 3008 non
312 2960 431 3020 lapidum.
446 2959 554 3006 veroum
567 2961 633 3007 enim
658 2958 797 3006 servantem
814 2957 912 3005 silentia
928 2959 1039 3006 Christus
1058 2960 1187 3021 adspiciat.

107 3031 155 3078 Dei
180 3030 342 3091 repulsorium
364 3028 491 3076 tardiomr
506 3029 562 3086 est,
585 3043 634 3088 quo
658 3031 717 3074 Ecce
734 3042 773 3085 es,
789 3027 886 3086 inquit,
903 3027 1019 3086 formosos
1036 3030 1190 3078 consobrinus

107 3112 207 3148 somnus
217 3100 321 3155 animae,
333 3108 404 3156 sopor
415 3096 504 3143 mentis
522 3095 634 3143 excludi·
658 3110 721 3143 meos
727 3128 735 3152 ,
747 3098 867 3155 etquidem
878 3096 1128 3154 pulchereodciinntio
1139 3111 1189 3145 noc-

108 3169 158 3218 tur.
175 3171 211 3215 Ex
227 3168 327 3216 tristitia
344 3166 411 3213 enim
426 3165 452 3211 et
469 3164 634 3211 sollicitudine
659 3167 697 3212 tro
712 3178 801 3223 opaca,
817 3165 893 3211 trabes
911 3166 1033 3210 domorum
1051 3168 1189 3212 nostrornm

108 3237 263 3286 saecularium
276 3247 375 3284 somnus
386 3233 481 3291 irrepit.
492 3232 540 3289 Qui
551 3233 635 3279 autem
658 3235 732 3289 cedri,
747 3234 870 3279 lacunaria
881 3235 962 3280 nostro
973 3235 1082 3292 cupressi.
1096 3235 1189 3282 Laudat

108 3306 218 3354 adhaeret
227 3307 413 3361 Deo,eurarum
421 3299 635 3359 fugitans,volup·
658 3302 744 3360 Sponsi
761 3301 874 3348 decorem
893 3301 1019 3359 Ecclesia,
1039 3315 1117 3360 quem
1133 3304 1189 3362 plus

107 3376 185 3422 tatem
203 3372 269 3431 capit
284 3369 429 3428 cognitionis
445 3367 562 3424 aeternae,
578 3370 635 3414 nul·
659 3368 825 3427 unusquisque
846 3368 920 3415 tacito
939 3367 1024 3414 laudat
1042 3369 1149 3429 affectu,
1164 3370 1188 3417 et

108 3444 157 3490 lam
167 3440 218 3487 illic
225 3437 385 3485 mutationem
392 3434 634 3482 rerumsaecularium
658 3437 720 3482 fidus
741 3436 912 3495 mysteriorum
936 3436 1059 3495 interpres
1079 3437 1187 3487 tacendo

108 3509 293 3568 pertimescens.
658 3504 712 3563 plus
720 3505 844 3564 praedicat.
851 3506 910 3550 Nam
918 3504 960 3563 qni
970 3516 1057 3551 arcana
1065 3504 1186 3566 divulgat,

64 3627 67 3632 .
140 3575 178 3622 lli.
196 3575 244 3632 Qui
262 3570 413 3619 facilioribus
430 3568 506 3629 igitur
523 3569 634 3617 labomm
659 3573 783 3620 imminuit
799 3573 889 3620 Christi
906 3574 1028 3620 decorem.
1045 3574 1105 3621 ldeo
1117 3585 1187 3622 nemo

22 3670 26 3676 ·
109 3644 214 3694 utuntur
229 3641 392 3702 compendiis,
407 3641 552 3697 dormitant,
569 3641 635 3688 acci·
658 3641 739 3688 mittat
749 3642 891 3700 margaritas
901 3653 956 3688 suas
967 3641 1061 3700 porcis;
1078 3655 1112 3689 ne
1129 3653 1186 3690 cou-
1240 3637 1246 3643 ’

108 3711 183 3772 piuut
194 3724 201 3757 z
213 3710 255 3758 sed
266 3710 382 3768 Origenes
396 3706 440 3767 qui
451 3707 585 3755 multorum
595 3708 634 3755 iu·
652 3708 749 3757 >calcari
761 3708 835 3756 iaciat
851 3709 991 3756 ornamenta
1006 3710 1125 3767 pretiosa.
1137 3711 1186 3757 Nou

107 3779 296 3841 terpretationcs
307 3776 421 3837 diligenti
439 3776 554 3824 discussit
565 3777 633 3824 inda·
659 3790 714 3837 erqo
726 3777 751 3822 ln
762 3777 918 3824 tabernaculo
930 3778 1037 3837 loquacis
1048 3779 1074 3826 et
1084 3778 1186 3838 ganuln

108 3848 179 3910 gine,
188 3849 281 3899 stillavit
285 3880 294 3904 ,
302 3846 400 3894 secutus
407 3847 458 3905 est3
468 3857 497 3892 eo
505 3845 570 3905 quod
578 3858 634 3905 per·
658 3846 716 3906 quia
726 3845 754 3891 in
768 3846 923 3906 multiloquio
934 3847 1061 3905 peecatum
1076 3847 1186 3894 admitti-

109 3917 169 3972 iecti
187 3916 268 3964 anima
287 3915 356 3976 quasi
374 3916 437 3963 bene
458 3915 590 3974 composita
609 3915 635 3962 et
657 3917 699 3963 tur
711 3927 718 3959 ε
730 3913 774 3961 sed
784 3914 810 3960 in
820 3915 869 3962 viri
877 3914 1001 3974 serii,qui
1012 3915 1046 3961 sit
1055 3928 1146 3975 parcus
1154 3916 1186 3962 nl-

109 3985 249 4035 confirmata
260 3997 308 4035 nou
325 3985 413 4047 stillat,
429 3987 457 4033 ut
468 3985 563 4046 fastigia
580 3985 633 4032 eul-
658 3983 750 4044 loqnii,
766 3995 812 4030 nec
826 3984 945 4032 sermonis
963 3984 1148 4044 intomperans,
1163 3984 1186 4032 ct
