<?xml version="1.0" encoding="UTF-8"?>
<!DOCTYPE html PUBLIC "-//W3C//DTD XHTML 1.0 Transitional//EN"
    "http://www.w3.org/TR/xhtml1/DTD/xhtml1-transitional.dtd">
<html xmlns="http://www.w3.org/1999/xhtml" xml:lang="en" lang="en">
 <head>
  <title>
</title>
<meta http-equiv="Content-Type" content="text/html;charset=utf-8" />
  <meta name='ocr-system' content='tesseract 3.04.00' />
  <meta name='ocr-capabilities' content='ocr_page ocr_carea ocr_par ocr_line ocrx_word'/>
</head>
<body>
  <div class='ocr_page' id='page_1' title='image "./operaomnia00ambrgoog/operaomnia00ambrgoog_0402.png"; bbox 0 0 2760 4794; ppageno 0'>
   <div class='ocr_carea' id='block_1_1' title="bbox 335 371 1144 419">
    <p class='ocr_par' dir='ltr' id='par_1_1' title="bbox 335 371 1144 419">
     <span class='ocr_line' id='line_1_1' title="bbox 335 371 1144 419; baseline 0.002 -3"><span class='ocrx_word' id='word_1_1' title='bbox 335 373 369 417; x_wconf 80' lang='lat' dir='ltr'><strong>IN</strong></span> <span class='ocrx_word' id='word_1_2' title='bbox 383 372 543 418; x_wconf 75' lang='lat' dir='ltr'><strong>ostiorum</strong></span> <span class='ocrx_word' id='word_1_3' title='bbox 557 371 667 416; x_wconf 83' lang='lat' dir='ltr'><strong>cxviii</strong></span> <span class='ocrx_word' id='word_1_4' title='bbox 680 373 872 419; x_wconf 70' lang='lat' dir='ltr'><strong>expositio,</strong></span> <span class='ocrx_word' id='word_1_5' title='bbox 1096 371 1144 418; x_wconf 70' lang='lat' dir='ltr'><strong>tls</strong></span> 
     </span>
    </p>
   </div>
   <div class='ocr_carea' id='block_1_2' title="bbox 11 449 1195 3996">
    <p class='ocr_par' dir='ltr' id='par_1_2' title="bbox 11 449 1195 3996">
     <span class='ocr_line' id='line_1_2' title="bbox 60 449 1144 515; baseline 0.003 -16"><span class='ocrx_word' id='word_1_6' title='bbox 60 449 222 501; x_wconf 84' lang='lat' dir='ltr'><strong>resuscitatur</strong></span> <span class='ocrx_word' id='word_1_7' title='bbox 232 463 281 499; x_wconf 91' lang='lat' dir='ltr'><strong>non</strong></span> <span class='ocrx_word' id='word_1_8' title='bbox 292 455 482 514; x_wconf 81' lang='lat' dir='ltr'>commixtione,</span> <span class='ocrx_word' id='word_1_9' title='bbox 494 454 538 503; x_wconf 91' lang='lat' dir='ltr'><strong>sed</strong></span> <span class='ocrx_word' id='word_1_10' title='bbox 548 467 589 502; x_wconf 89' lang='lat' dir='ltr'><strong>re-</strong></span> <span class='ocrx_word' id='word_1_11' title='bbox 614 454 699 514; x_wconf 89' lang='lat' dir='ltr'><strong>danis,</strong></span> <span class='ocrx_word' id='word_1_12' title='bbox 724 456 862 515; x_wconf 77' lang='lat' dir='ltr'><strong>passionum</strong></span> <span class='ocrx_word' id='word_1_13' title='bbox 889 453 982 501; x_wconf 87' lang='lat' dir='ltr'><strong>fluenta</strong></span> <span class='ocrx_word' id='word_1_14' title='bbox 1006 455 1144 502; x_wconf 84' lang='lat' dir='ltr'><strong>nostrarum</strong></span> 
     </span>
     <span class='ocr_line' id='line_1_3' title="bbox 11 519 1143 582; baseline 0.004 -16"><span class='ocrx_word' id='word_1_15' title='bbox 11 526 14 530; x_wconf 84' lang='lat'>&#39;</span> <span class='ocrx_word' id='word_1_16' title='bbox 62 519 185 568; x_wconf 87' lang='lat' dir='ltr'><strong>demtione</strong></span> <span class='ocrx_word' id='word_1_17' title='bbox 211 520 326 568; x_wconf 79' lang='lat' dir='ltr'><strong>fraterna.</strong></span> <span class='ocrx_word' id='word_1_18' title='bbox 352 523 491 570; x_wconf 87' lang='lat' dir='ltr'><strong>Secundum</strong></span> <span class='ocrx_word' id='word_1_19' title='bbox 525 524 589 570; x_wconf 90' lang='lat' dir='ltr'><strong>banc</strong></span> <span class='ocrx_word' id='word_1_20' title='bbox 613 524 703 571; x_wconf 87' lang='lat' dir='ltr'><strong>mentis</strong></span> <span class='ocrx_word' id='word_1_21' title='bbox 720 523 789 582; x_wconf 89' lang='lat' dir='ltr'><strong>prius</strong></span> <span class='ocrx_word' id='word_1_22' title='bbox 802 522 908 582; x_wconf 73' lang='lat' dir='ltr'><strong>vestigio</strong></span> <span class='ocrx_word' id='word_1_23' title='bbox 927 522 1086 570; x_wconf 80' lang='lat' dir='ltr'><strong>transierunt.</strong></span> <span class='ocrx_word' id='word_1_24' title='bbox 1106 525 1143 570; x_wconf 89' lang='lat' dir='ltr'><strong>Dc</strong></span> 
     </span>
     <span class='ocr_line' id='line_1_4' title="bbox 61 589 1144 650; baseline 0.002 -14"><span class='ocrx_word' id='word_1_25' title='bbox 61 599 119 648; x_wconf 71' lang='lat' dir='ltr'><strong>crgo</strong></span> <span class='ocrx_word' id='word_1_26' title='bbox 129 590 209 649; x_wconf 81' lang='lat' dir='ltr'><strong>legem</strong></span> <span class='ocrx_word' id='word_1_27' title='bbox 220 590 274 637; x_wconf 91' lang='lat' dir='ltr'><strong>odio</strong></span> <span class='ocrx_word' id='word_1_28' title='bbox 286 591 360 639; x_wconf 90' lang='lat' dir='ltr'><strong>babet</strong></span> <span class='ocrx_word' id='word_1_29' title='bbox 375 593 474 640; x_wconf 89' lang='lat' dir='ltr'><strong>sanctus</strong></span> <span class='ocrx_word' id='word_1_30' title='bbox 491 592 590 650; x_wconf 79' lang='lat' dir='ltr'><strong>iniusti·</strong></span> <span class='ocrx_word' id='word_1_31' title='bbox 614 589 660 636; x_wconf 87' lang='lat' dir='ltr'><strong>hac</strong></span> <span class='ocrx_word' id='word_1_32' title='bbox 678 602 741 650; x_wconf 88' lang='lat' dir='ltr'><strong>aqua</strong></span> <span class='ocrx_word' id='word_1_33' title='bbox 763 591 824 637; x_wconf 87' lang='lat' dir='ltr'><strong>dicit</strong></span> <span class='ocrx_word' id='word_1_34' title='bbox 838 591 958 638; x_wconf 87' lang='lat' dir='ltr'>Dominus</span> <span class='ocrx_word' id='word_1_35' title='bbox 974 593 1022 638; x_wconf 73' lang='lat' dir='ltr'><strong>est</strong></span> <span class='ocrx_word' id='word_1_36' title='bbox 1038 595 1144 639; x_wconf 74' lang='lat' dir='ltr'><strong>transcen</strong></span> 
     </span>
     <span class='ocr_line' id='line_1_5' title="bbox 60 654 1144 720; baseline 0.002 -16"><span class='ocrx_word' id='word_1_37' title='bbox 60 654 135 714; x_wconf 84' lang='lat' dir='ltr'><strong>tiam,</strong></span> <span class='ocrx_word' id='word_1_38' title='bbox 151 669 199 704; x_wconf 93' lang='lat' dir='ltr'><strong>non</strong></span> <span class='ocrx_word' id='word_1_39' title='bbox 220 658 340 716; x_wconf 84' lang='lat' dir='ltr'><strong>injustum</strong></span> <span class='ocrx_word' id='word_1_40' title='bbox 358 661 400 717; x_wconf 90' lang='lat' dir='ltr'><strong>qni</strong></span> <span class='ocrx_word' id='word_1_41' title='bbox 422 661 503 718; x_wconf 91' lang='lat' dir='ltr'><strong>potest</strong></span> <span class='ocrx_word' id='word_1_42' title='bbox 524 672 589 718; x_wconf 81' lang='lat' dir='ltr'><strong>saepe</strong></span> <span class='ocrx_word' id='word_1_43' title='bbox 611 672 655 718; x_wconf 82' lang='lat' dir='ltr'><strong>per</strong></span> <span class='ocrx_word' id='word_1_44' title='bbox 664 673 766 720; x_wconf 81' lang='lat' dir='ltr'><strong>equum,</strong></span> <span class='ocrx_word' id='word_1_45' title='bbox 778 663 851 708; x_wconf 74' lang='lat' dir='ltr'><strong>brom</strong></span> <span class='ocrx_word' id='word_1_46' title='bbox 869 673 920 708; x_wconf 81' lang='lat' dir='ltr'><strong>som</strong></span> <span class='ocrx_word' id='word_1_47' title='bbox 929 675 938 720; x_wconf 92' lang='lat'><strong>,·</strong></span> <span class='ocrx_word' id='word_1_48' title='bbox 948 663 971 707; x_wconf 87' lang='lat' dir='ltr'><strong>et</strong></span> <span class='ocrx_word' id='word_1_49' title='bbox 984 661 1085 718; x_wconf 70' lang='lat' dir='ltr'><strong>strumina</strong></span> <span class='ocrx_word' id='word_1_50' title='bbox 1096 673 1144 707; x_wconf 83' lang='lat' dir='ltr'><strong>non</strong></span> 
     </span>
     <span class='ocr_line' id='line_1_6' title="bbox 60 726 1145 789; baseline 0.003 -18"><span class='ocrx_word' id='word_1_51' title='bbox 60 726 173 772; x_wconf 84' lang='lat' dir='ltr'><strong>converti</strong></span> <span class='ocrx_word' id='word_1_52' title='bbox 192 739 198 772; x_wconf 75' lang='grc' dir='ltr'><strong>ε</strong></span> <span class='ocrx_word' id='word_1_53' title='bbox 220 739 266 773; x_wconf 92' lang='lat' dir='ltr'><strong>nec</strong></span> <span class='ocrx_word' id='word_1_54' title='bbox 287 729 440 775; x_wconf 90' lang='lat' dir='ltr'><strong>mortuorum</strong></span> <span class='ocrx_word' id='word_1_55' title='bbox 457 728 591 789; x_wconf 80' lang='lat' dir='ltr'>reliquias,</span> <span class='ocrx_word' id='word_1_56' title='bbox 613 728 760 775; x_wconf 80' lang='lat' dir='ltr'><strong>inundabunt</strong></span> <span class='ocrx_word' id='word_1_57' title='bbox 772 731 802 776; x_wconf 87' lang='lat' dir='ltr'><strong>te.</strong></span> <span class='ocrx_word' id='word_1_58' title='bbox 817 729 893 776; x_wconf 71' lang='lat' dir='ltr'><strong>Adest</strong></span> <span class='ocrx_word' id='word_1_59' title='bbox 902 729 953 776; x_wconf 91' lang='lat' dir='ltr'><strong>suis</strong></span> <span class='ocrx_word' id='word_1_60' title='bbox 962 729 1036 787; x_wconf 84' lang='lat' dir='ltr'><strong>justis</strong></span> <span class='ocrx_word' id='word_1_61' title='bbox 1046 740 1145 788; x_wconf 89' lang='lat' dir='ltr'><strong>semper</strong></span> 
     </span>
     <span class='ocr_line' id='line_1_7' title="bbox 60 791 1145 855; baseline 0.004 -17"><span class='ocrx_word' id='word_1_62' title='bbox 60 791 105 838; x_wconf 83' lang='lat' dir='ltr'><strong>aed</strong></span> <span class='ocrx_word' id='word_1_63' title='bbox 115 793 236 841; x_wconf 87' lang='lat' dir='ltr'><strong>mortuam</strong></span> <span class='ocrx_word' id='word_1_64' title='bbox 254 794 411 855; x_wconf 82' lang='lat' dir='ltr'><strong>iniquitatem</strong></span> <span class='ocrx_word' id='word_1_65' title='bbox 428 797 589 855; x_wconf 78' lang='lat' dir='ltr'><strong>exsecratur,</strong></span> <span class='ocrx_word' id='word_1_66' title='bbox 614 807 671 841; x_wconf 91' lang='lat' dir='ltr'><strong>cum</strong></span> <span class='ocrx_word' id='word_1_67' title='bbox 683 795 807 855; x_wconf 85' lang='lat' dir='ltr'><strong>aliquibus</strong></span> <span class='ocrx_word' id='word_1_68' title='bbox 817 797 931 843; x_wconf 89' lang='lat' dir='ltr'><strong>teruntur</strong></span> <span class='ocrx_word' id='word_1_69' title='bbox 941 796 1049 844; x_wconf 83' lang='lat' dir='ltr'><strong>adversis</strong></span> <span class='ocrx_word' id='word_1_70' title='bbox 1058 807 1066 854; x_wconf 90' lang='lat'>;</span> <span class='ocrx_word' id='word_1_71' title='bbox 1076 797 1097 842; x_wconf 91' lang='lat' dir='ltr'><strong>si</strong></span> <span class='ocrx_word' id='word_1_72' title='bbox 1107 796 1145 842; x_wconf 92' lang='lat' dir='ltr'><strong>ta·</strong></span> 
     </span>
     <span class='ocr_line' id='line_1_8' title="bbox 60 861 1144 925; baseline 0.003 -18"><span class='ocrx_word' id='word_1_73' title='bbox 60 861 87 908; x_wconf 87' lang='lat' dir='ltr'><strong>et</strong></span> <span class='ocrx_word' id='word_1_74' title='bbox 97 861 197 921; x_wconf 76' lang='lat' dir='ltr'><strong>refugit.</strong></span> <span class='ocrx_word' id='word_1_75' title='bbox 614 875 671 910; x_wconf 86' lang='lat' dir='ltr'><strong>men</strong></span> <span class='ocrx_word' id='word_1_76' title='bbox 686 864 814 912; x_wconf 87' lang='lat' dir='ltr'><strong>transeant</strong></span> <span class='ocrx_word' id='word_1_77' title='bbox 833 865 915 912; x_wconf 89' lang='lat' dir='ltr'><strong>mente</strong></span> <span class='ocrx_word' id='word_1_78' title='bbox 937 865 1073 925; x_wconf 72' lang='lat' dir='ltr'><strong>constanti,</strong></span> <span class='ocrx_word' id='word_1_79' title='bbox 1094 875 1144 910; x_wconf 90' lang='lat' dir='ltr'><strong>non</strong></span> 
     </span>
     <span class='ocr_line' id='line_1_9' title="bbox 92 931 1142 993; baseline 0.004 -17"><span class='ocrx_word' id='word_1_80' title='bbox 92 931 130 976; x_wconf 77' lang='lat' dir='ltr'><strong>lb.</strong></span> <span class='ocrx_word' id='word_1_81' title='bbox 142 931 258 991; x_wconf 86' lang='lat' dir='ltr'><strong>Sequitur</strong></span> <span class='ocrx_word' id='word_1_82' title='bbox 269 944 354 980; x_wconf 86' lang='lat' dir='ltr'><strong>versus</strong></span> <span class='ocrx_word' id='word_1_83' title='bbox 365 933 467 992; x_wconf 87' lang='lat' dir='ltr'><strong>quartus</strong></span> <span class='ocrx_word' id='word_1_84' title='bbox 479 945 486 979; x_wconf 80' lang='lat' dir='ltr'><strong>r</strong></span> <span class='ocrx_word' id='word_1_85' title='bbox 504 935 590 993; x_wconf 80' lang='lat' dir='ltr'><strong>Septies</strong></span> <span class='ocrx_word' id='word_1_86' title='bbox 614 931 749 992; x_wconf 89' lang='lat' dir='ltr'><strong>dubitanti;</strong></span> <span class='ocrx_word' id='word_1_87' title='bbox 762 945 812 980; x_wconf 91' lang='lat' dir='ltr'><strong>non</strong></span> <span class='ocrx_word' id='word_1_88' title='bbox 828 933 886 980; x_wconf 88' lang='lat' dir='ltr'><strong>lidei</strong></span> <span class='ocrx_word' id='word_1_89' title='bbox 897 934 1027 981; x_wconf 83' lang='lat' dir='ltr'><strong>turbentur</strong></span> <span class='ocrx_word' id='word_1_90' title='bbox 1038 933 1142 980; x_wconf 88' lang='lat' dir='ltr'><strong>incerto.</strong></span> 
     </span>
     <span class='ocr_line' id='line_1_10' title="bbox 59 999 1144 1061; baseline 0.001 -15"><span class='ocrx_word' id='word_1_91' title='bbox 59 999 131 1046; x_wconf 76' lang='lat' dir='ltr'><strong>tolie</strong></span> <span class='ocrx_word' id='word_1_92' title='bbox 143 1001 234 1047; x_wconf 85' lang='lat' dir='ltr'><strong>taudem</strong></span> <span class='ocrx_word' id='word_1_93' title='bbox 245 1001 590 1061; x_wconf 78' lang='lat' dir='ltr'><strong>diuitibi‚supcrjudiciajus-</strong></span> <span class='ocrx_word' id='word_1_94' title='bbox 644 1000 684 1047; x_wconf 77' lang='lat' dir='ltr'><strong>ll.</strong></span> <span class='ocrx_word' id='word_1_95' title='bbox 703 1001 788 1048; x_wconf 84' lang='lat' dir='ltr'><strong>Transi</strong></span> <span class='ocrx_word' id='word_1_96' title='bbox 807 1015 864 1061; x_wconf 73' lang='lat' dir='ltr'><strong>ergo</strong></span> <span class='ocrx_word' id='word_1_97' title='bbox 881 1003 906 1048; x_wconf 88' lang='lat' dir='ltr'><strong>et</strong></span> <span class='ocrx_word' id='word_1_98' title='bbox 924 1003 952 1048; x_wconf 88' lang='lat' dir='ltr'><strong>tu</strong></span> <span class='ocrx_word' id='word_1_99' title='bbox 970 1001 1050 1048; x_wconf 85' lang='lat' dir='ltr'><strong>fidelis</strong></span> <span class='ocrx_word' id='word_1_100' title='bbox 1067 1000 1144 1047; x_wconf 86' lang='lat' dir='ltr'><strong>animi</strong></span> 
     </span>
     <span class='ocr_line' id='line_1_11' title="bbox 60 1063 1145 1128; baseline 0.002 -16"><span class='ocrx_word' id='word_1_101' title='bbox 60 1063 117 1113; x_wconf 76' lang='lat' dir='ltr'><strong>licie</strong></span> <span class='ocrx_word' id='word_1_102' title='bbox 133 1069 186 1114; x_wconf 84' lang='lat' dir='ltr'><strong>tuoe.</strong></span> <span class='ocrx_word' id='word_1_103' title='bbox 198 1069 227 1114; x_wconf 87' lang='lat' dir='ltr'><strong>Et</strong></span> <span class='ocrx_word' id='word_1_104' title='bbox 245 1080 347 1115; x_wconf 88' lang='lat' dir='ltr'><strong>numero</strong></span> <span class='ocrx_word' id='word_1_105' title='bbox 364 1068 465 1128; x_wconf 85' lang='lat' dir='ltr'><strong>quidem</strong></span> <span class='ocrx_word' id='word_1_106' title='bbox 480 1069 589 1116; x_wconf 87' lang='lat' dir='ltr'><strong>studium</strong></span> <span class='ocrx_word' id='word_1_107' title='bbox 614 1066 764 1128; x_wconf 78' lang='lat' dir='ltr'><strong>directione,</strong></span> <span class='ocrx_word' id='word_1_108' title='bbox 776 1069 797 1116; x_wconf 91' lang='lat' dir='ltr'><strong>si</strong></span> <span class='ocrx_word' id='word_1_109' title='bbox 807 1070 917 1117; x_wconf 83' lang='lat' dir='ltr'><strong>divinam</strong></span> <span class='ocrx_word' id='word_1_110' title='bbox 935 1070 973 1116; x_wconf 91' lang='lat' dir='ltr'><strong>vis</strong></span> <span class='ocrx_word' id='word_1_111' title='bbox 993 1070 1039 1115; x_wconf 90' lang='lat' dir='ltr'><strong>tibi</strong></span> <span class='ocrx_word' id='word_1_112' title='bbox 1059 1069 1145 1116; x_wconf 87' lang='lat' dir='ltr'><strong>adesse</strong></span> 
     </span>
     <span class='ocr_line' id='line_1_12' title="bbox 59 1135 1145 1196; baseline 0.002 -16"><span class='ocrx_word' id='word_1_113' title='bbox 59 1135 150 1182; x_wconf 79' lang='lat' dir='ltr'><strong>sanctae</strong></span> <span class='ocrx_word' id='word_1_114' title='bbox 158 1136 294 1184; x_wconf 89' lang='lat' dir='ltr'><strong>devotionis</strong></span> <span class='ocrx_word' id='word_1_115' title='bbox 304 1137 452 1195; x_wconf 84' lang='lat' dir='ltr'><strong>exprimitur</strong></span> <span class='ocrx_word' id='word_1_116' title='bbox 463 1137 522 1185; x_wconf 84' lang='lat' dir='ltr'><strong>:scd</strong></span> <span class='ocrx_word' id='word_1_117' title='bbox 529 1138 590 1196; x_wconf 91' lang='lat' dir='ltr'><strong>puto</strong></span> <span class='ocrx_word' id='word_1_118' title='bbox 614 1136 792 1194; x_wconf 80' lang='lat' dir='ltr'><strong>praesentiam:</strong></span> <span class='ocrx_word' id='word_1_119' title='bbox 812 1138 833 1184; x_wconf 92' lang='lat' dir='ltr'><strong>si</strong></span> <span class='ocrx_word' id='word_1_120' title='bbox 855 1149 903 1183; x_wconf 89' lang='lat' dir='ltr'><strong>non</strong></span> <span class='ocrx_word' id='word_1_121' title='bbox 921 1138 998 1183; x_wconf 83' lang='lat' dir='ltr'><strong>solum</strong></span> <span class='ocrx_word' id='word_1_122' title='bbox 1018 1148 1081 1195; x_wconf 81' lang='lat' dir='ltr'><strong>pax,</strong></span> <span class='ocrx_word' id='word_1_123' title='bbox 1100 1136 1145 1182; x_wconf 91' lang='lat' dir='ltr'><strong>scd</strong></span> 
     </span>
     <span class='ocr_line' id='line_1_13' title="bbox 60 1203 1144 1265; baseline -0.001 -16"><span class='ocrx_word' id='word_1_124' title='bbox 60 1203 138 1262; x_wconf 78' lang='lat' dir='ltr'><strong>magis</strong></span> <span class='ocrx_word' id='word_1_125' title='bbox 149 1205 215 1263; x_wconf 87' lang='lat' dir='ltr'><strong>quod</strong></span> <span class='ocrx_word' id='word_1_126' title='bbox 229 1217 321 1264; x_wconf 91' lang='lat' dir='ltr'><strong>purus,</strong></span> <span class='ocrx_word' id='word_1_127' title='bbox 337 1205 363 1251; x_wconf 87' lang='lat' dir='ltr'><strong>et</strong></span> <span class='ocrx_word' id='word_1_128' title='bbox 374 1205 489 1263; x_wconf 86' lang='lat' dir='ltr'><strong>quietus,</strong></span> <span class='ocrx_word' id='word_1_129' title='bbox 501 1217 529 1252; x_wconf 89' lang='lat' dir='ltr'><strong>ae</strong></span> <span class='ocrx_word' id='word_1_130' title='bbox 544 1218 590 1253; x_wconf 78' lang='lat' dir='ltr'><strong>ra·</strong></span> <span class='ocrx_word' id='word_1_131' title='bbox 614 1205 689 1251; x_wconf 87' lang='lat' dir='ltr'><strong>etiam</strong></span> <span class='ocrx_word' id='word_1_132' title='bbox 696 1205 774 1252; x_wconf 89' lang='lat' dir='ltr'><strong>multa</strong></span> <span class='ocrx_word' id='word_1_133' title='bbox 782 1218 831 1265; x_wconf 85' lang='lat' dir='ltr'><strong>pax</strong></span> <span class='ocrx_word' id='word_1_134' title='bbox 842 1207 873 1253; x_wconf 85' lang='lat' dir='ltr'><strong>sit</strong></span> <span class='ocrx_word' id='word_1_135' title='bbox 884 1207 911 1252; x_wconf 94' lang='lat' dir='ltr'><strong>in</strong></span> <span class='ocrx_word' id='word_1_136' title='bbox 922 1206 1004 1251; x_wconf 89' lang='lat' dir='ltr'><strong>animo</strong></span> <span class='ocrx_word' id='word_1_137' title='bbox 1014 1208 1067 1262; x_wconf 92' lang='lat' dir='ltr'><strong>tuo,</strong></span> <span class='ocrx_word' id='word_1_138' title='bbox 1076 1205 1144 1251; x_wconf 86' lang='lat' dir='ltr'><strong>nulla</strong></span> 
     </span>
     <span class='ocr_line' id='line_1_14' title="bbox 15 1265 1145 1334; baseline 0.002 -18"><span class='ocrx_word' id='word_1_139' title='bbox 15 1289 19 1295; x_wconf 97' lang='lat'>·</span> <span class='ocrx_word' id='word_1_140' title='bbox 61 1283 122 1323; x_wconf 81' lang='lat' dir='ltr'><strong>cuns</strong></span> <span class='ocrx_word' id='word_1_141' title='bbox 137 1273 167 1318; x_wconf 91' lang='lat' dir='ltr'><strong>ab</strong></span> <span class='ocrx_word' id='word_1_142' title='bbox 178 1265 244 1319; x_wconf 81' lang='lat' dir='ltr'><strong>omni</strong></span> <span class='ocrx_word' id='word_1_143' title='bbox 260 1285 334 1319; x_wconf 88' lang='lat' dir='ltr'><strong>onere</strong></span> <span class='ocrx_word' id='word_1_144' title='bbox 352 1267 496 1319; x_wconf 88' lang='lat' dir='ltr'><strong>delictorum</strong></span> <span class='ocrx_word' id='word_1_145' title='bbox 507 1273 590 1319; x_wconf 89' lang='lat' dir='ltr'><strong>decla·</strong></span> <span class='ocrx_word' id='word_1_146' title='bbox 614 1272 639 1319; x_wconf 88' lang='lat' dir='ltr'><strong>te</strong></span> <span class='ocrx_word' id='word_1_147' title='bbox 658 1274 742 1331; x_wconf 80' lang='lat' dir='ltr'><strong>praelia</strong></span> <span class='ocrx_word' id='word_1_148' title='bbox 765 1275 870 1321; x_wconf 71' lang='lat' dir='ltr'><strong>diuersas</strong></span> <span class='ocrx_word' id='word_1_149' title='bbox 888 1275 1030 1334; x_wconf 86' lang='lat' dir='ltr'><strong>cupiditatis</strong></span> <span class='ocrx_word' id='word_1_150' title='bbox 1047 1275 1145 1331; x_wconf 76' lang='lat' dir='ltr'><strong>impug-</strong></span> 
     </span>
     <span class='ocr_line' id='line_1_15' title="bbox 59 1337 1146 1400; baseline 0 -15"><span class='ocrx_word' id='word_1_151' title='bbox 59 1337 130 1385; x_wconf 90' lang='lat' dir='ltr'><strong>retur</strong></span> <span class='ocrx_word' id='word_1_152' title='bbox 150 1340 265 1398; x_wconf 83' lang='lat' dir='ltr'><strong>aiioctus3</strong></span> <span class='ocrx_word' id='word_1_153' title='bbox 285 1341 315 1386; x_wconf 89' lang='lat' dir='ltr'><strong>ut</strong></span> <span class='ocrx_word' id='word_1_154' title='bbox 331 1341 383 1387; x_wconf 91' lang='lat' dir='ltr'><strong>sine</strong></span> <span class='ocrx_word' id='word_1_155' title='bbox 396 1342 448 1386; x_wconf 90' lang='lat' dir='ltr'><strong>ullo</strong></span> <span class='ocrx_word' id='word_1_156' title='bbox 467 1341 589 1389; x_wconf 83' lang='lat' dir='ltr'><strong>iracundae</strong></span> <span class='ocrx_word' id='word_1_157' title='bbox 613 1341 686 1400; x_wconf 88' lang='lat' dir='ltr'><strong>nent,</strong></span> <span class='ocrx_word' id='word_1_158' title='bbox 706 1353 756 1387; x_wconf 93' lang='lat' dir='ltr'><strong>non</strong></span> <span class='ocrx_word' id='word_1_159' title='bbox 773 1341 899 1388; x_wconf 84' lang='lat' dir='ltr'><strong>iracundia</strong></span> <span class='ocrx_word' id='word_1_160' title='bbox 913 1341 1037 1400; x_wconf 82' lang='lat' dir='ltr'><strong>stimulet,</strong></span> <span class='ocrx_word' id='word_1_161' title='bbox 1051 1353 1100 1386; x_wconf 91' lang='lat' dir='ltr'><strong>non</strong></span> <span class='ocrx_word' id='word_1_162' title='bbox 1114 1339 1146 1385; x_wconf 93' lang='lat' dir='ltr'><strong>li-</strong></span> 
     </span>
     <span class='ocr_line' id='line_1_16' title="bbox 59 1408 1145 1470; baseline 0.001 -16"><span class='ocrx_word' id='word_1_163' title='bbox 59 1408 257 1469; x_wconf 89' lang='lat' dir='ltr'><strong>imprecationis,</strong></span> <span class='ocrx_word' id='word_1_164' title='bbox 266 1409 308 1456; x_wconf 90' lang='lat' dir='ltr'><strong>aut</strong></span> <span class='ocrx_word' id='word_1_165' title='bbox 316 1409 441 1468; x_wconf 71' lang='lat' dir='ltr'><strong>flagitiose</strong></span> <span class='ocrx_word' id='word_1_166' title='bbox 449 1409 590 1468; x_wconf 84' lang='lat' dir='ltr'><strong>cupiditatis</strong></span> <span class='ocrx_word' id='word_1_167' title='bbox 614 1408 672 1455; x_wconf 94' lang='lat' dir='ltr'><strong>bido</strong></span> <span class='ocrx_word' id='word_1_168' title='bbox 684 1422 691 1454; x_wconf 80' lang='lat' dir='ltr'><strong>a</strong></span> <span class='ocrx_word' id='word_1_169' title='bbox 703 1410 750 1457; x_wconf 86' lang='lat' dir='ltr'><strong>etsi</strong></span> <span class='ocrx_word' id='word_1_170' title='bbox 762 1411 799 1456; x_wconf 88' lang='lat' dir='ltr'><strong>est</strong></span> <span class='ocrx_word' id='word_1_171' title='bbox 809 1423 902 1470; x_wconf 81' lang='lat' dir='ltr'><strong>pugna,</strong></span> <span class='ocrx_word' id='word_1_172' title='bbox 914 1412 996 1457; x_wconf 86' lang='lat' dir='ltr'><strong>tamen</strong></span> <span class='ocrx_word' id='word_1_173' title='bbox 1012 1409 1085 1468; x_wconf 84' lang='lat' dir='ltr'><strong>ioris,</strong></span> <span class='ocrx_word' id='word_1_174' title='bbox 1096 1420 1145 1455; x_wconf 93' lang='lat' dir='ltr'><strong>non</strong></span> 
     </span>
     <span class='ocr_line' id='line_1_17' title="bbox 60 1475 1146 1537; baseline 0.002 -15"><span class='ocrx_word' id='word_1_175' title='bbox 60 1475 319 1531; x_wconf 87' lang='lat' dir='ltr'><strong>incendiodoleratur</strong></span> <span class='ocrx_word' id='word_1_176' title='bbox 333 1478 505 1534; x_wconf 83' lang='lat' dir='ltr'><strong>orati03nibil</strong></span> <span class='ocrx_word' id='word_1_177' title='bbox 524 1477 590 1536; x_wconf 90' lang='lat' dir='ltr'><strong>quod</strong></span> <span class='ocrx_word' id='word_1_178' title='bbox 614 1475 680 1524; x_wconf 89' lang='lat' dir='ltr'><strong>intus</strong></span> <span class='ocrx_word' id='word_1_179' title='bbox 709 1478 750 1523; x_wconf 90' lang='lat' dir='ltr'><strong>sit.</strong></span> <span class='ocrx_word' id='word_1_180' title='bbox 777 1479 890 1525; x_wconf 84' lang='lat' dir='ltr'><strong>Praeliare</strong></span> <span class='ocrx_word' id='word_1_181' title='bbox 917 1478 1034 1524; x_wconf 89' lang='lat' dir='ltr'><strong>adversus</strong></span> <span class='ocrx_word' id='word_1_182' title='bbox 1060 1489 1146 1537; x_wconf 86' lang='lat' dir='ltr'><strong>perse-</strong></span> 
     </span>
     <span class='ocr_line' id='line_1_18' title="bbox 60 1543 1146 1606; baseline 0.004 -18"><span class='ocrx_word' id='word_1_183' title='bbox 60 1543 105 1589; x_wconf 87' lang='lat' dir='ltr'><strong>alil</strong></span> <span class='ocrx_word' id='word_1_184' title='bbox 115 1545 201 1591; x_wconf 87' lang='lat' dir='ltr'><strong>noceat</strong></span> <span class='ocrx_word' id='word_1_185' title='bbox 215 1545 381 1603; x_wconf 78' lang='lat' dir='ltr'><strong>postulemus3</strong></span> <span class='ocrx_word' id='word_1_186' title='bbox 395 1543 458 1590; x_wconf 91' lang='lat' dir='ltr'><strong>nihil</strong></span> <span class='ocrx_word' id='word_1_187' title='bbox 469 1545 534 1603; x_wconf 88' lang='lat' dir='ltr'><strong>quod</strong></span> <span class='ocrx_word' id='word_1_188' title='bbox 546 1556 590 1590; x_wconf 91' lang='lat' dir='ltr'><strong>nos</strong></span> <span class='ocrx_word' id='word_1_189' title='bbox 614 1548 731 1604; x_wconf 69' lang='lat' dir='ltr'><strong>suentes,</strong></span> <span class='ocrx_word' id='word_1_190' title='bbox 740 1546 801 1593; x_wconf 87' lang='lat' dir='ltr'><strong>licet</strong></span> <span class='ocrx_word' id='word_1_191' title='bbox 809 1547 903 1606; x_wconf 90' lang='lat' dir='ltr'><strong>etipsis</strong></span> <span class='ocrx_word' id='word_1_192' title='bbox 914 1547 1012 1592; x_wconf 88' lang='lat' dir='ltr'><strong>silentio</strong></span> <span class='ocrx_word' id='word_1_193' title='bbox 1023 1557 1088 1604; x_wconf 79' lang='lat' dir='ltr'><strong>serpe</strong></span> <span class='ocrx_word' id='word_1_194' title='bbox 1103 1558 1146 1592; x_wconf 88' lang='lat' dir='ltr'><strong>ce-</strong></span> 
     </span>
     <span class='ocr_line' id='line_1_19' title="bbox 60 1612 1146 1674; baseline 0.002 -16"><span class='ocrx_word' id='word_1_195' title='bbox 60 1612 590 1672; x_wconf 81' lang='lat' dir='ltr'><strong>saeeulnribuspetitionibnsdecoloretbau·</strong></span> <span class='ocrx_word' id='word_1_196' title='bbox 614 1613 722 1660; x_wconf 89' lang='lat' dir='ltr'><strong>dendum</strong></span> <span class='ocrx_word' id='word_1_197' title='bbox 740 1615 786 1674; x_wconf 89' lang='lat' dir='ltr'><strong>sit,</strong></span> <span class='ocrx_word' id='word_1_198' title='bbox 809 1616 868 1674; x_wconf 89' lang='lat' dir='ltr'><strong>qnia</strong></span> <span class='ocrx_word' id='word_1_199' title='bbox 885 1615 932 1661; x_wconf 90' lang='lat' dir='ltr'><strong>tibi</strong></span> <span class='ocrx_word' id='word_1_200' title='bbox 952 1616 1064 1663; x_wconf 87' lang='lat' dir='ltr'><strong>vincunt.</strong></span> <span class='ocrx_word' id='word_1_201' title='bbox 1088 1616 1146 1661; x_wconf 91' lang='lat' dir='ltr'><strong>lllo-</strong></span> 
     </span>
     <span class='ocr_line' id='line_1_20' title="bbox 61 1679 1145 1741; baseline 0.002 -15"><span class='ocrx_word' id='word_1_202' title='bbox 61 1679 147 1727; x_wconf 89' lang='lat' dir='ltr'><strong>demus</strong></span> <span class='ocrx_word' id='word_1_203' title='bbox 156 1680 183 1726; x_wconf 90' lang='lat' dir='ltr'><strong>in</strong></span> <span class='ocrx_word' id='word_1_204' title='bbox 191 1680 289 1740; x_wconf 70' lang='lat' dir='ltr'><strong>hymnis</strong></span> <span class='ocrx_word' id='word_1_205' title='bbox 297 1680 322 1727; x_wconf 86' lang='lat' dir='ltr'><strong>et</strong></span> <span class='ocrx_word' id='word_1_206' title='bbox 333 1680 447 1738; x_wconf 90' lang='lat' dir='ltr'><strong>canticis,</strong></span> <span class='ocrx_word' id='word_1_207' title='bbox 458 1692 517 1726; x_wconf 84' lang='lat' dir='ltr'><strong>vera</strong></span> <span class='ocrx_word' id='word_1_208' title='bbox 526 1692 589 1732; x_wconf 87' lang='lat' dir='ltr'><strong>scm-</strong></span> <span class='ocrx_word' id='word_1_209' title='bbox 613 1693 669 1726; x_wconf 89' lang='lat' dir='ltr'><strong>rum</strong></span> <span class='ocrx_word' id='word_1_210' title='bbox 687 1683 812 1741; x_wconf 88' lang='lat' dir='ltr'><strong>potentia,</strong></span> <span class='ocrx_word' id='word_1_211' title='bbox 832 1685 874 1730; x_wconf 90' lang='lat' dir='ltr'><strong>tua</strong></span> <span class='ocrx_word' id='word_1_212' title='bbox 892 1683 996 1730; x_wconf 84' lang='lat' dir='ltr'><strong>victoria</strong></span> <span class='ocrx_word' id='word_1_213' title='bbox 1017 1684 1063 1730; x_wconf 88' lang='lat' dir='ltr'><strong>est.</strong></span> <span class='ocrx_word' id='word_1_214' title='bbox 1078 1683 1145 1729; x_wconf 84' lang='lat' dir='ltr'><strong>&#39;lunc</strong></span> 
     </span>
     <span class='ocr_line' id='line_1_21' title="bbox 60 1748 1145 1811; baseline 0.003 -15"><span class='ocrx_word' id='word_1_215' title='bbox 60 1761 106 1808; x_wconf 89' lang='lat' dir='ltr'><strong>per</strong></span> <span class='ocrx_word' id='word_1_216' title='bbox 116 1750 140 1796; x_wconf 92' lang='lat' dir='ltr'><strong>et</strong></span> <span class='ocrx_word' id='word_1_217' title='bbox 150 1749 214 1806; x_wconf 81' lang='lat' dir='ltr'><strong>iusta</strong></span> <span class='ocrx_word' id='word_1_218' title='bbox 226 1761 255 1795; x_wconf 87' lang='lat' dir='ltr'><strong>ea</strong></span> <span class='ocrx_word' id='word_1_219' title='bbox 267 1762 321 1809; x_wconf 83' lang='lat' dir='ltr'><strong>quse</strong></span> <span class='ocrx_word' id='word_1_220' title='bbox 332 1750 362 1796; x_wconf 90' lang='lat' dir='ltr'><strong>de</strong></span> <span class='ocrx_word' id='word_1_221' title='bbox 374 1749 464 1795; x_wconf 86' lang='lat' dir='ltr'><strong>divinis</strong></span> <span class='ocrx_word' id='word_1_222' title='bbox 476 1748 589 1795; x_wconf 87' lang='lat' dir='ltr'><strong>canimus</strong></span> <span class='ocrx_word' id='word_1_223' title='bbox 613 1749 720 1809; x_wconf 87' lang='lat' dir='ltr'><strong>denique</strong></span> <span class='ocrx_word' id='word_1_224' title='bbox 736 1752 934 1811; x_wconf 86' lang='lat' dir='ltr'><strong>triumphantur,</strong></span> <span class='ocrx_word' id='word_1_225' title='bbox 950 1764 1005 1799; x_wconf 88' lang='lat' dir='ltr'><strong>cnm</strong></span> <span class='ocrx_word' id='word_1_226' title='bbox 1017 1764 1044 1800; x_wconf 87' lang='lat' dir='ltr'><strong>se</strong></span> <span class='ocrx_word' id='word_1_227' title='bbox 1054 1751 1145 1800; x_wconf 79' lang='lat' dir='ltr'><strong>vicisse</strong></span> 
     </span>
     <span class='ocr_line' id='line_1_22' title="bbox 60 1817 1147 1878; baseline 0.001 -14"><span class='ocrx_word' id='word_1_228' title='bbox 60 1817 187 1876; x_wconf 83' lang='lat' dir='ltr'><strong>laudibus,</strong></span> <span class='ocrx_word' id='word_1_229' title='bbox 198 1818 350 1864; x_wconf 80' lang='lat' dir='ltr'><strong>confitentes.</strong></span> <span class='ocrx_word' id='word_1_230' title='bbox 361 1819 413 1863; x_wconf 85' lang='lat' dir='ltr'><strong>lt&#39;on</strong></span> <span class='ocrx_word' id='word_1_231' title='bbox 425 1818 456 1864; x_wconf 91' lang='lat' dir='ltr'><strong>sit</strong></span> <span class='ocrx_word' id='word_1_232' title='bbox 464 1829 555 1876; x_wconf 89' lang='lat' dir='ltr'><strong>anceps</strong></span> <span class='ocrx_word' id='word_1_233' title='bbox 563 1818 588 1863; x_wconf 90' lang='lat' dir='ltr'><strong>et</strong></span> <span class='ocrx_word' id='word_1_234' title='bbox 613 1817 772 1866; x_wconf 86' lang='lat' dir='ltr'><strong>crediderint.</strong></span> <span class='ocrx_word' id='word_1_235' title='bbox 784 1821 836 1866; x_wconf 86' lang='lat' dir='ltr'><strong>Non</strong></span> <span class='ocrx_word' id='word_1_236' title='bbox 848 1832 904 1878; x_wconf 80' lang='lat' dir='ltr'><strong>ergo</strong></span> <span class='ocrx_word' id='word_1_237' title='bbox 916 1821 940 1866; x_wconf 92' lang='lat' dir='ltr'><strong>te</strong></span> <span class='ocrx_word' id='word_1_238' title='bbox 951 1821 1080 1878; x_wconf 70' lang='lat' dir='ltr'><strong>impugnet</strong></span> <span class='ocrx_word' id='word_1_239' title='bbox 1089 1831 1147 1865; x_wconf 83' lang='lat' dir='ltr'><strong>ava·</strong></span> 
     </span>
     <span class='ocr_line' id='line_1_23' title="bbox 60 1883 1144 1945; baseline -0.002 -12"><span class='ocrx_word' id='word_1_240' title='bbox 60 1884 135 1933; x_wconf 88' lang='lat' dir='ltr'><strong>dubia</strong></span> <span class='ocrx_word' id='word_1_241' title='bbox 151 1884 272 1932; x_wconf 86' lang='lat' dir='ltr'><strong>sententia</strong></span> <span class='ocrx_word' id='word_1_242' title='bbox 288 1898 296 1928; x_wconf 92' lang='lat'>:</span> <span class='ocrx_word' id='word_1_243' title='bbox 313 1896 361 1931; x_wconf 92' lang='lat' dir='ltr'><strong>uon</strong></span> <span class='ocrx_word' id='word_1_244' title='bbox 379 1885 483 1931; x_wconf 87' lang='lat' dir='ltr'><strong>discolor</strong></span> <span class='ocrx_word' id='word_1_245' title='bbox 498 1886 590 1931; x_wconf 88' lang='lat' dir='ltr'><strong>mentis</strong></span> <span class='ocrx_word' id='word_1_246' title='bbox 613 1883 688 1943; x_wconf 84' lang='lat' dir='ltr'><strong>ritia,</strong></span> <span class='ocrx_word' id='word_1_247' title='bbox 699 1898 747 1932; x_wconf 91' lang='lat' dir='ltr'><strong>non</strong></span> <span class='ocrx_word' id='word_1_248' title='bbox 757 1887 879 1944; x_wconf 88' lang='lat' dir='ltr'><strong>cupiditas</strong></span> <span class='ocrx_word' id='word_1_249' title='bbox 889 1886 1013 1945; x_wconf 75' lang='lat' dir='ltr'><strong>exagitet,</strong></span> <span class='ocrx_word' id='word_1_250' title='bbox 1024 1899 1073 1932; x_wconf 88' lang='lat' dir='ltr'><strong>non</strong></span> <span class='ocrx_word' id='word_1_251' title='bbox 1086 1886 1144 1932; x_wconf 89' lang='lat' dir='ltr'><strong>tris-</strong></span> 
     </span>
     <span class='ocr_line' id='line_1_24' title="bbox 60 1952 1145 2013; baseline 0.001 -13"><span class='ocrx_word' id='word_1_252' title='bbox 60 1953 181 2011; x_wconf 89' lang='lat' dir='ltr'><strong>intentio,</strong></span> <span class='ocrx_word' id='word_1_253' title='bbox 191 1964 240 1999; x_wconf 90' lang='lat' dir='ltr'><strong>non</strong></span> <span class='ocrx_word' id='word_1_254' title='bbox 251 1952 420 2007; x_wconf 89' lang='lat' dir='ltr'><strong>materialibus</strong></span> <span class='ocrx_word' id='word_1_255' title='bbox 432 1952 536 2012; x_wconf 79' lang='lat' dir='ltr'><strong>negotiis</strong></span> <span class='ocrx_word' id='word_1_256' title='bbox 548 1963 591 1998; x_wconf 55' lang='grc' dir='ltr'><strong>οφ·</strong></span> <span class='ocrx_word' id='word_1_257' title='bbox 615 1952 670 1998; x_wconf 84' lang='lat' dir='ltr'><strong>titie</strong></span> <span class='ocrx_word' id='word_1_258' title='bbox 691 1954 806 2013; x_wconf 80' lang='lat' dir='ltr'><strong>dejiciat,</strong></span> <span class='ocrx_word' id='word_1_259' title='bbox 824 1967 874 2000; x_wconf 91' lang='lat' dir='ltr'><strong>non</strong></span> <span class='ocrx_word' id='word_1_260' title='bbox 894 1954 1031 2000; x_wconf 85' lang='lat' dir='ltr'><strong>inflammet</strong></span> <span class='ocrx_word' id='word_1_261' title='bbox 1049 1954 1145 2013; x_wconf 91' lang='lat' dir='ltr'><strong>libido,</strong></span> 
     </span>
     <span class='ocr_line' id='line_1_25' title="bbox 61 2018 1147 2081; baseline -0.001 -14"><span class='ocrx_word' id='word_1_262' title='bbox 61 2019 151 2079; x_wconf 87' lang='lat' dir='ltr'><strong>cupata</strong></span> <span class='ocrx_word' id='word_1_263' title='bbox 171 2031 186 2066; x_wconf 91' lang='lat' dir='ltr'><strong>a</strong></span> <span class='ocrx_word' id='word_1_264' title='bbox 208 2018 324 2078; x_wconf 92' lang='lat' dir='ltr'><strong>propositi</strong></span> <span class='ocrx_word' id='word_1_265' title='bbox 343 2019 460 2077; x_wconf 87' lang='lat' dir='ltr'><strong>spiritalis</strong></span> <span class='ocrx_word' id='word_1_266' title='bbox 487 2032 590 2065; x_wconf 83' lang='lat' dir='ltr'><strong>exsecu·</strong></span> <span class='ocrx_word' id='word_1_267' title='bbox 614 2033 663 2066; x_wconf 92' lang='lat' dir='ltr'><strong>non</strong></span> <span class='ocrx_word' id='word_1_268' title='bbox 672 2023 797 2081; x_wconf 89' lang='lat' dir='ltr'><strong>resupinet</strong></span> <span class='ocrx_word' id='word_1_269' title='bbox 805 2022 993 2080; x_wconf 88' lang='lat' dir='ltr'><strong>superbia,uon</strong></span> <span class='ocrx_word' id='word_1_270' title='bbox 1001 2022 1087 2069; x_wconf 88' lang='lat' dir='ltr'><strong>curvet</strong></span> <span class='ocrx_word' id='word_1_271' title='bbox 1096 2033 1147 2066; x_wconf 90' lang='lat' dir='ltr'><strong>am-</strong></span> 
     </span>
     <span class='ocr_line' id='line_1_26' title="bbox 59 2086 1147 2147; baseline -0.002 -9"><span class='ocrx_word' id='word_1_272' title='bbox 59 2088 130 2138; x_wconf 80' lang='lat' dir='ltr'><strong>tione</strong></span> <span class='ocrx_word' id='word_1_273' title='bbox 141 2086 264 2135; x_wconf 82' lang='lat' dir='ltr'><strong>deflectat.</strong></span> <span class='ocrx_word' id='word_1_274' title='bbox 273 2087 422 2134; x_wconf 74' lang='lat' dir='ltr'><strong>iustificetur</strong></span> <span class='ocrx_word' id='word_1_275' title='bbox 433 2100 530 2147; x_wconf 89' lang='lat' dir='ltr'><strong>semper</strong></span> <span class='ocrx_word' id='word_1_276' title='bbox 539 2088 591 2146; x_wconf 82' lang='lat' dir='ltr'><strong>jus·</strong></span> <span class='ocrx_word' id='word_1_277' title='bbox 614 2087 685 2147; x_wconf 88' lang='lat' dir='ltr'><strong>bitio,</strong></span> <span class='ocrx_word' id='word_1_278' title='bbox 691 2101 740 2135; x_wconf 91' lang='lat' dir='ltr'><strong>non</strong></span> <span class='ocrx_word' id='word_1_279' title='bbox 747 2089 850 2135; x_wconf 85' lang='lat' dir='ltr'><strong>formido</strong></span> <span class='ocrx_word' id='word_1_280' title='bbox 856 2089 1004 2137; x_wconf 91' lang='lat' dir='ltr'><strong>consternat.</strong></span> <span class='ocrx_word' id='word_1_281' title='bbox 1011 2090 1061 2135; x_wconf 83' lang='lat' dir='ltr'><strong>Pax</strong></span> <span class='ocrx_word' id='word_1_282' title='bbox 1068 2089 1147 2136; x_wconf 88' lang='lat' dir='ltr'><strong>multa</strong></span> 
     </span>
     <span class='ocr_line' id='line_1_27' title="bbox 59 2155 1146 2218; baseline 0 -15"><span class='ocrx_word' id='word_1_283' title='bbox 59 2156 117 2204; x_wconf 87' lang='lat' dir='ltr'><strong>titia</strong></span> <span class='ocrx_word' id='word_1_284' title='bbox 137 2156 184 2203; x_wconf 84' lang='lat' dir='ltr'><strong>Dei</strong></span> <span class='ocrx_word' id='word_1_285' title='bbox 200 2156 333 2216; x_wconf 86' lang='lat' dir='ltr'><strong>tranquillo</strong></span> <span class='ocrx_word' id='word_1_286' title='bbox 354 2155 451 2214; x_wconf 78' lang='lat' dir='ltr'><strong>eninm,</strong></span> <span class='ocrx_word' id='word_1_287' title='bbox 471 2168 522 2203; x_wconf 88' lang='lat' dir='ltr'><strong>non</strong></span> <span class='ocrx_word' id='word_1_288' title='bbox 540 2157 590 2205; x_wconf 89' lang='lat' dir='ltr'><strong>otio</strong></span> <span class='ocrx_word' id='word_1_289' title='bbox 615 2156 725 2204; x_wconf 85' lang='lat' dir='ltr'><strong>abundet</strong></span> <span class='ocrx_word' id='word_1_290' title='bbox 742 2157 803 2215; x_wconf 92' lang='lat' dir='ltr'><strong>tibi,</strong></span> <span class='ocrx_word' id='word_1_291' title='bbox 818 2171 873 2218; x_wconf 84' lang='lat' dir='ltr'><strong>quae</strong></span> <span class='ocrx_word' id='word_1_292' title='bbox 891 2159 1024 2216; x_wconf 84' lang='lat' dir='ltr'><strong>exsuperat</strong></span> <span class='ocrx_word' id='word_1_293' title='bbox 1047 2170 1146 2204; x_wconf 92' lang='lat' dir='ltr'><strong>omnem</strong></span> 
     </span>
     <span class='ocr_line' id='line_1_28' title="bbox 60 2223 1148 2284; baseline -0.005 -9"><span class='ocrx_word' id='word_1_294' title='bbox 60 2223 160 2275; x_wconf 79' lang='lat' dir='ltr'><strong>tentato.</strong></span> <span class='ocrx_word' id='word_1_295' title='bbox 219 2255 221 2258; x_wconf 54' lang='lat'>&lt;</span> <span class='ocrx_word' id='word_1_296' title='bbox 614 2227 739 2284; x_wconf 90' lang='lat' dir='ltr'><strong>mentem,</strong></span> <span class='ocrx_word' id='word_1_297' title='bbox 759 2227 894 2273; x_wconf 89' lang='lat' dir='ltr'><strong>secundum</strong></span> <span class='ocrx_word' id='word_1_298' title='bbox 919 2225 1028 2284; x_wconf 79' lang='lat' dir='ltr'><strong>Apostoli</strong></span> <span class='ocrx_word' id='word_1_299' title='bbox 1049 2227 1148 2272; x_wconf 87' lang='lat' dir='ltr'><strong>senten·</strong></span> 
     </span>
     <span class='ocr_line' id='line_1_29' title="bbox 74 2291 1147 2359; baseline 0 -18"><span class='ocrx_word' id='word_1_300' title='bbox 74 2295 131 2359; x_wconf 42' lang='grc' dir='ltr'><strong>Ἀθ.</strong></span> <span class='ocrx_word' id='word_1_301' title='bbox 142 2293 260 2354; x_wconf 81' lang='lat' dir='ltr'><strong>sequitur</strong></span> <span class='ocrx_word' id='word_1_302' title='bbox 280 2306 368 2342; x_wconf 85' lang='lat' dir='ltr'><strong>versus</strong></span> <span class='ocrx_word' id='word_1_303' title='bbox 388 2294 514 2355; x_wconf 84' lang='lat' dir='ltr'><strong>quintus:</strong></span> <span class='ocrx_word' id='word_1_304' title='bbox 534 2297 591 2343; x_wconf 78' lang='lat' dir='ltr'><strong>Pau</strong></span> <span class='ocrx_word' id='word_1_305' title='bbox 614 2293 694 2339; x_wconf 92' lang='lat' dir='ltr'><strong>tiam:</strong></span> <span class='ocrx_word' id='word_1_306' title='bbox 711 2306 759 2353; x_wconf 89' lang='lat' dir='ltr'><strong>quo</strong></span> <span class='ocrx_word' id='word_1_307' title='bbox 780 2293 845 2341; x_wconf 90' lang='lat' dir='ltr'><strong>nihil</strong></span> <span class='ocrx_word' id='word_1_308' title='bbox 860 2293 972 2352; x_wconf 89' lang='lat' dir='ltr'><strong>pulcrius</strong></span> <span class='ocrx_word' id='word_1_309' title='bbox 990 2293 1041 2340; x_wconf 92' lang='lat' dir='ltr'><strong>dici</strong></span> <span class='ocrx_word' id='word_1_310' title='bbox 1056 2291 1147 2352; x_wconf 89' lang='lat' dir='ltr'><strong>potuit.</strong></span> 
     </span>
     <span class='ocr_line' id='line_1_30' title="bbox 60 2361 1189 2424; baseline -0.004 -12"><span class='ocrx_word' id='word_1_311' title='bbox 60 2364 295 2424; x_wconf 79' lang='lat' dir='ltr'><strong>multudilipeutibns</strong></span> <span class='ocrx_word' id='word_1_312' title='bbox 311 2377 396 2412; x_wconf 80' lang='lat' dir='ltr'><strong>nomen</strong></span> <span class='ocrx_word' id='word_1_313' title='bbox 412 2367 532 2412; x_wconf 75' lang='lat' dir='ltr'><strong>tonsuret</strong></span> <span class='ocrx_word' id='word_1_314' title='bbox 542 2378 590 2411; x_wconf 81' lang='lat' dir='ltr'><strong>oon</strong></span> <span class='ocrx_word' id='word_1_315' title='bbox 615 2361 808 2416; x_wconf 69' lang='lat' dir='ltr'><strong>Summnsnmm</strong></span> <span class='ocrx_word' id='word_1_316' title='bbox 825 2361 1026 2420; x_wconf 83' lang='lat' dir='ltr'><strong>sapientissimis</strong></span> <span class='ocrx_word' id='word_1_317' title='bbox 1046 2363 1097 2419; x_wconf 83' lang='lat' dir='ltr'><strong>est3</strong></span> <span class='ocrx_word' id='word_1_318' title='bbox 1119 2363 1148 2408; x_wconf 88' lang='lat' dir='ltr'><strong>ut</strong></span> <span class='ocrx_word' id='word_1_319' title='bbox 1186 2374 1189 2379; x_wconf 91' lang='lat'>·</span> 
     </span>
     <span class='ocr_line' id='line_1_31' title="bbox 60 2429 1147 2493; baseline -0.006 -11"><span class='ocrx_word' id='word_1_320' title='bbox 60 2435 94 2486; x_wconf 78' lang='lat' dir='ltr'><strong>cot</strong></span> <span class='ocrx_word' id='word_1_321' title='bbox 106 2434 151 2480; x_wconf 83' lang='lat' dir='ltr'><strong>titis</strong></span> <span class='ocrx_word' id='word_1_322' title='bbox 161 2434 307 2480; x_wconf 81' lang='lat' dir='ltr'><strong>scandulum.</strong></span> <span class='ocrx_word' id='word_1_323' title='bbox 319 2433 397 2492; x_wconf 86' lang='lat' dir='ltr'><strong>Supra</strong></span> <span class='ocrx_word' id='word_1_324' title='bbox 408 2432 518 2479; x_wconf 84' lang='lat' dir='ltr'><strong>diximus</strong></span> <span class='ocrx_word' id='word_1_325' title='bbox 532 2433 591 2493; x_wconf 87' lang='lat' dir='ltr'><strong>quia</strong></span> <span class='ocrx_word' id='word_1_326' title='bbox 615 2430 692 2476; x_wconf 90' lang='lat' dir='ltr'><strong>simus</strong></span> <span class='ocrx_word' id='word_1_327' title='bbox 703 2431 785 2488; x_wconf 78' lang='lat' dir='ltr'><strong>mente</strong></span> <span class='ocrx_word' id='word_1_328' title='bbox 797 2429 947 2487; x_wconf 81' lang='lat' dir='ltr'><strong>tranquilla:</strong></span> <span class='ocrx_word' id='word_1_329' title='bbox 962 2440 1011 2475; x_wconf 91' lang='lat' dir='ltr'><strong>non</strong></span> <span class='ocrx_word' id='word_1_330' title='bbox 1022 2440 1147 2475; x_wconf 88' lang='lat' dir='ltr'><strong>commen·</strong></span> 
     </span>
     <span class='ocr_line' id='line_1_32' title="bbox 61 2497 1147 2557; baseline -0.006 -8"><span class='ocrx_word' id='word_1_331' title='bbox 61 2501 150 2549; x_wconf 84' lang='lat' dir='ltr'><strong>caritas</strong></span> <span class='ocrx_word' id='word_1_332' title='bbox 168 2502 278 2548; x_wconf 85' lang='lat' dir='ltr'><strong>excludit</strong></span> <span class='ocrx_word' id='word_1_333' title='bbox 297 2503 412 2549; x_wconf 89' lang='lat' dir='ltr'><strong>timorem</strong></span> <span class='ocrx_word' id='word_1_334' title='bbox 428 2515 434 2547; x_wconf 92' lang='lat'>:</span> <span class='ocrx_word' id='word_1_335' title='bbox 448 2514 513 2547; x_wconf 89' lang='lat' dir='ltr'><strong>nunc</strong></span> <span class='ocrx_word' id='word_1_336' title='bbox 529 2503 591 2549; x_wconf 90' lang='lat' dir='ltr'><strong>dici·</strong></span> <span class='ocrx_word' id='word_1_337' title='bbox 616 2497 677 2543; x_wconf 86' lang='lat' dir='ltr'><strong>titiis</strong></span> <span class='ocrx_word' id='word_1_338' title='bbox 696 2500 824 2557; x_wconf 89' lang='lat' dir='ltr'><strong>poetarum</strong></span> <span class='ocrx_word' id='word_1_339' title='bbox 848 2497 936 2543; x_wconf 89' lang='lat' dir='ltr'><strong>tabulis</strong></span> <span class='ocrx_word' id='word_1_340' title='bbox 959 2497 1069 2543; x_wconf 87' lang='lat' dir='ltr'><strong>lubricus</strong></span> <span class='ocrx_word' id='word_1_341' title='bbox 1093 2498 1147 2543; x_wconf 91' lang='lat' dir='ltr'><strong>tur-</strong></span> 
     </span>
     <span class='ocr_line' id='line_1_33' title="bbox 60 2564 1148 2630; baseline -0.004 -14"><span class='ocrx_word' id='word_1_342' title='bbox 60 2582 116 2617; x_wconf 85' lang='lat' dir='ltr'><strong>mus</strong></span> <span class='ocrx_word' id='word_1_343' title='bbox 127 2570 185 2630; x_wconf 85' lang='lat' dir='ltr'><strong>quia</strong></span> <span class='ocrx_word' id='word_1_344' title='bbox 197 2571 307 2617; x_wconf 83' lang='lat' dir='ltr'><strong>excludit</strong></span> <span class='ocrx_word' id='word_1_345' title='bbox 317 2582 414 2616; x_wconf 88' lang='lat' dir='ltr'><strong>omnem</strong></span> <span class='ocrx_word' id='word_1_346' title='bbox 425 2566 592 2630; x_wconf 86' lang='lat' dir='ltr'><strong>perturbatio·</strong></span> <span class='ocrx_word' id='word_1_347' title='bbox 615 2565 688 2612; x_wconf 91' lang='lat' dir='ltr'><strong>betur</strong></span> <span class='ocrx_word' id='word_1_348' title='bbox 706 2566 816 2612; x_wconf 79' lang='lat' dir='ltr'><strong>allectus.</strong></span> <span class='ocrx_word' id='word_1_349' title='bbox 833 2565 947 2611; x_wconf 83' lang='lat' dir='ltr'><strong>Summus</strong></span> <span class='ocrx_word' id='word_1_350' title='bbox 961 2564 1017 2610; x_wconf 87' lang='lat' dir='ltr'><strong>linis</strong></span> <span class='ocrx_word' id='word_1_351' title='bbox 1028 2567 1065 2611; x_wconf 89' lang='lat' dir='ltr'><strong>est</strong></span> <span class='ocrx_word' id='word_1_352' title='bbox 1074 2564 1148 2622; x_wconf 82' lang='lat' dir='ltr'><strong>justi·</strong></span> 
     </span>
     <span class='ocr_line' id='line_1_34' title="bbox 60 2633 1148 2697; baseline -0.006 -11"><span class='ocrx_word' id='word_1_353' title='bbox 60 2638 366 2697; x_wconf 74' lang='lat' dir='ltr'><strong>nemAEtenimquillenm</strong></span> <span class='ocrx_word' id='word_1_354' title='bbox 374 2638 464 2696; x_wconf 80' lang='lat' dir='ltr'><strong>diligit,</strong></span> <span class='ocrx_word' id='word_1_355' title='bbox 472 2636 592 2696; x_wconf 85' lang='lat' dir='ltr'><strong>protunda</strong></span> <span class='ocrx_word' id='word_1_356' title='bbox 616 2635 671 2693; x_wconf 79' lang='lat' dir='ltr'><strong>tiee3</strong></span> <span class='ocrx_word' id='word_1_357' title='bbox 683 2637 711 2681; x_wconf 89' lang='lat' dir='ltr'><strong>ut</strong></span> <span class='ocrx_word' id='word_1_358' title='bbox 726 2635 844 2694; x_wconf 89' lang='lat' dir='ltr'><strong>iniquitas</strong></span> <span class='ocrx_word' id='word_1_359' title='bbox 856 2637 965 2681; x_wconf 86' lang='lat' dir='ltr'><strong>mentem</strong></span> <span class='ocrx_word' id='word_1_360' title='bbox 973 2633 1036 2692; x_wconf 79' lang='lat' dir='ltr'><strong>justi</strong></span> <span class='ocrx_word' id='word_1_361' title='bbox 1047 2646 1148 2681; x_wconf 86' lang='lat' dir='ltr'><strong>movere</strong></span> 
     </span>
     <span class='ocr_line' id='line_1_35' title="bbox 62 2702 1147 2764; baseline -0.004 -10"><span class='ocrx_word' id='word_1_362' title='bbox 62 2707 137 2754; x_wconf 90' lang='lat' dir='ltr'><strong>estin</strong></span> <span class='ocrx_word' id='word_1_363' title='bbox 151 2719 180 2753; x_wconf 91' lang='lat' dir='ltr'><strong>eo</strong></span> <span class='ocrx_word' id='word_1_364' title='bbox 191 2706 338 2752; x_wconf 77' lang='lat' dir='ltr'><strong>confirmatae</strong></span> <span class='ocrx_word' id='word_1_365' title='bbox 348 2706 438 2752; x_wconf 90' lang='lat' dir='ltr'><strong>mentis</strong></span> <span class='ocrx_word' id='word_1_366' title='bbox 453 2705 591 2764; x_wconf 87' lang='lat' dir='ltr'><strong>tranquilli·</strong></span> <span class='ocrx_word' id='word_1_367' title='bbox 616 2714 664 2748; x_wconf 92' lang='lat' dir='ltr'><strong>non</strong></span> <span class='ocrx_word' id='word_1_368' title='bbox 680 2703 765 2762; x_wconf 84' lang='lat' dir='ltr'><strong>possit.</strong></span> <span class='ocrx_word' id='word_1_369' title='bbox 776 2703 882 2757; x_wconf 86' lang='lat' dir='ltr'><strong>Virtutis</strong></span> <span class='ocrx_word' id='word_1_370' title='bbox 896 2702 972 2749; x_wconf 89' lang='lat' dir='ltr'><strong>totius</strong></span> <span class='ocrx_word' id='word_1_371' title='bbox 983 2702 1025 2748; x_wconf 79' lang='lat' dir='ltr'><strong>bIc</strong></span> <span class='ocrx_word' id='word_1_372' title='bbox 1039 2703 1108 2763; x_wconf 87' lang='lat' dir='ltr'><strong>linis,</strong></span> <span class='ocrx_word' id='word_1_373' title='bbox 1119 2704 1147 2751; x_wconf 87' lang='lat' dir='ltr'><strong>ct</strong></span> 
     </span>
     <span class='ocr_line' id='line_1_36' title="bbox 62 2772 1147 2836; baseline -0.006 -11"><span class='ocrx_word' id='word_1_374' title='bbox 62 2776 200 2836; x_wconf 54' lang='lat' dir='ltr'><strong>taenea,</strong></span> <span class='ocrx_word' id='word_1_375' title='bbox 213 2775 306 2834; x_wconf 88' lang='lat' dir='ltr'><strong>inquit,</strong></span> <span class='ocrx_word' id='word_1_376' title='bbox 320 2776 395 2821; x_wconf 81' lang='lat' dir='ltr'><strong>oculta</strong></span> <span class='ocrx_word' id='word_1_377' title='bbox 409 2776 529 2821; x_wconf 76' lang='lat' dir='ltr'><strong>excludere</strong></span> <span class='ocrx_word' id='word_1_378' title='bbox 544 2787 591 2820; x_wconf 83' lang='lat' dir='ltr'><strong>non</strong></span> <span class='ocrx_word' id='word_1_379' title='bbox 616 2785 737 2832; x_wconf 87' lang='lat' dir='ltr'><strong>corporeae</strong></span> <span class='ocrx_word' id='word_1_380' title='bbox 758 2772 837 2832; x_wconf 91' lang='lat' dir='ltr'><strong>ipsius</strong></span> <span class='ocrx_word' id='word_1_381' title='bbox 856 2772 1021 2830; x_wconf 84' lang='lat' dir='ltr'><strong>tortitudinis3</strong></span> <span class='ocrx_word' id='word_1_382' title='bbox 1041 2773 1071 2818; x_wconf 91' lang='lat' dir='ltr'><strong>ut</strong></span> <span class='ocrx_word' id='word_1_383' title='bbox 1088 2785 1147 2819; x_wconf 90' lang='lat' dir='ltr'><strong>con·</strong></span> 
     </span>
     <span class='ocr_line' id='line_1_37' title="bbox 61 2841 1147 2905; baseline -0.003 -14"><span class='ocrx_word' id='word_1_384' title='bbox 61 2846 146 2905; x_wconf 82' lang='lat' dir='ltr'><strong>poterit</strong></span> <span class='ocrx_word' id='word_1_385' title='bbox 153 2845 283 2898; x_wconf 82' lang='lat' dir='ltr'><strong>ceritatem,</strong></span> <span class='ocrx_word' id='word_1_386' title='bbox 294 2844 315 2889; x_wconf 89' lang='lat' dir='ltr'><strong>et</strong></span> <span class='ocrx_word' id='word_1_387' title='bbox 324 2843 424 2897; x_wconf 73' lang='lat' dir='ltr'><strong>flumina</strong></span> <span class='ocrx_word' id='word_1_388' title='bbox 434 2855 482 2887; x_wconf 84' lang='lat' dir='ltr'><strong>uon</strong></span> <span class='ocrx_word' id='word_1_389' title='bbox 490 2843 592 2888; x_wconf 80' lang='lat' dir='ltr'><strong>inundo·</strong></span> <span class='ocrx_word' id='word_1_390' title='bbox 617 2842 681 2888; x_wconf 86' lang='lat' dir='ltr'><strong>tecto</strong></span> <span class='ocrx_word' id='word_1_391' title='bbox 692 2842 772 2899; x_wconf 88' lang='lat' dir='ltr'><strong>bello,</strong></span> <span class='ocrx_word' id='word_1_392' title='bbox 782 2854 869 2901; x_wconf 86' lang='lat' dir='ltr'><strong>pacem</strong></span> <span class='ocrx_word' id='word_1_393' title='bbox 880 2841 1005 2888; x_wconf 77' lang='lat' dir='ltr'><strong>reformet.</strong></span> <span class='ocrx_word' id='word_1_394' title='bbox 1020 2842 1076 2887; x_wconf 89' lang='lat' dir='ltr'><strong>Paci</strong></span> <span class='ocrx_word' id='word_1_395' title='bbox 1089 2854 1147 2900; x_wconf 75' lang='lat' dir='ltr'><strong>crgo</strong></span> 
     </span>
     <span class='ocr_line' id='line_1_38' title="bbox 63 2907 1149 2970; baseline -0.006 -10"><span class='ocrx_word' id='word_1_396' title='bbox 63 2912 121 2960; x_wconf 78' lang='lat' dir='ltr'><strong>bont</strong></span> <span class='ocrx_word' id='word_1_397' title='bbox 138 2926 200 2961; x_wconf 82' lang='lat' dir='ltr'><strong>cum.</strong></span> <span class='ocrx_word' id='word_1_398' title='bbox 218 2912 294 2957; x_wconf 84' lang='lat' dir='ltr'><strong>llulta</strong></span> <span class='ocrx_word' id='word_1_399' title='bbox 309 2922 372 2970; x_wconf 90' lang='lat' dir='ltr'><strong>aqua</strong></span> <span class='ocrx_word' id='word_1_400' title='bbox 388 2910 540 2955; x_wconf 83' lang='lat' dir='ltr'><strong>diversarum</strong></span> <span class='ocrx_word' id='word_1_401' title='bbox 555 2909 593 2955; x_wconf 90' lang='lat' dir='ltr'><strong>est</strong></span> <span class='ocrx_word' id='word_1_402' title='bbox 617 2912 643 2956; x_wconf 87' lang='lat' dir='ltr'><strong>ot</strong></span> <span class='ocrx_word' id='word_1_403' title='bbox 654 2910 707 2968; x_wconf 89' lang='lat' dir='ltr'><strong>ipsa</strong></span> <span class='ocrx_word' id='word_1_404' title='bbox 717 2910 863 2969; x_wconf 86' lang='lat' dir='ltr'><strong>plerumque</strong></span> <span class='ocrx_word' id='word_1_405' title='bbox 872 2908 963 2954; x_wconf 93' lang='lat' dir='ltr'><strong>militat</strong></span> <span class='ocrx_word' id='word_1_406' title='bbox 972 2907 1088 2954; x_wconf 85' lang='lat' dir='ltr'><strong>tortitudo</strong></span> <span class='ocrx_word' id='word_1_407' title='bbox 1097 2909 1149 2955; x_wconf 87' lang='lat' dir='ltr'><strong>bel·</strong></span> 
     </span>
     <span class='ocr_line' id='line_1_39' title="bbox 62 2975 1149 3043; baseline -0.005 -15"><span class='ocrx_word' id='word_1_408' title='bbox 62 2981 212 3043; x_wconf 87' lang='lat' dir='ltr'><strong>passionum,</strong></span> <span class='ocrx_word' id='word_1_409' title='bbox 221 2978 353 3025; x_wconf 88' lang='lat' dir='ltr'><strong>etilumina</strong></span> <span class='ocrx_word' id='word_1_410' title='bbox 364 2976 516 3024; x_wconf 80' lang='lat' dir='ltr'><strong>saecularium</strong></span> <span class='ocrx_word' id='word_1_411' title='bbox 525 2977 593 3034; x_wconf 92' lang='lat' dir='ltr'><strong>cupi·</strong></span> <span class='ocrx_word' id='word_1_412' title='bbox 618 2978 683 3023; x_wconf 86' lang='lat' dir='ltr'><strong>laudi</strong></span> <span class='ocrx_word' id='word_1_413' title='bbox 695 2991 702 3022; x_wconf 83' lang='lat' dir='ltr'><strong>r</strong></span> <span class='ocrx_word' id='word_1_414' title='bbox 719 2990 791 3023; x_wconf 88' lang='lat' dir='ltr'><strong>nemo</strong></span> <span class='ocrx_word' id='word_1_415' title='bbox 802 2987 859 3034; x_wconf 78' lang='lat' dir='ltr'><strong>ergo</strong></span> <span class='ocrx_word' id='word_1_416' title='bbox 874 2975 1005 3034; x_wconf 91' lang='lat' dir='ltr'><strong>paciiicnm</strong></span> <span class='ocrx_word' id='word_1_417' title='bbox 1017 2976 1100 3022; x_wconf 87' lang='lat' dir='ltr'><strong>turbet</strong></span> <span class='ocrx_word' id='word_1_418' title='bbox 1111 2976 1149 3023; x_wconf 87' lang='lat' dir='ltr'><strong>ai·</strong></span> 
     </span>
     <span class='ocr_line' id='line_1_40' title="bbox 26 3043 779 3105; baseline -0.003 -12"><span class='ocrx_word' id='word_1_419' title='bbox 26 3086 30 3093; x_wconf 90' lang='lat'><em>.</em></span> <span class='ocrx_word' id='word_1_420' title='bbox 63 3049 169 3097; x_wconf 91' lang='lat' dir='ltr'><strong>ditatum</strong></span> <span class='ocrx_word' id='word_1_421' title='bbox 179 3046 345 3105; x_wconf 86' lang='lat' dir='ltr'><strong>corporalibus</strong></span> <span class='ocrx_word' id='word_1_422' title='bbox 362 3044 468 3090; x_wconf 90' lang='lat' dir='ltr'><strong>motibus</strong></span> <span class='ocrx_word' id='word_1_423' title='bbox 477 3043 592 3102; x_wconf 90' lang='lat' dir='ltr'><strong>incitata,</strong></span> <span class='ocrx_word' id='word_1_424' title='bbox 618 3045 720 3093; x_wconf 83' lang='lat' dir='ltr'><strong>fectum.</strong></span> <span class='ocrx_word' id='word_1_425' title='bbox 777 3061 779 3065; x_wconf 93' lang='lat'>·</span> 
     </span>
     <span class='ocr_line' id='line_1_41' title="bbox 62 3111 1150 3179; baseline -0.003 -15"><span class='ocrx_word' id='word_1_426' title='bbox 62 3131 119 3179; x_wconf 78' lang='lat' dir='ltr'>‹111ae</span> <span class='ocrx_word' id='word_1_427' title='bbox 126 3117 210 3164; x_wconf 87' lang='lat' dir='ltr'><strong>tamen</strong></span> <span class='ocrx_word' id='word_1_428' title='bbox 218 3126 316 3160; x_wconf 86' lang='lat' dir='ltr'><strong>murum</strong></span> <span class='ocrx_word' id='word_1_429' title='bbox 328 3111 438 3159; x_wconf 88' lang='lat' dir='ltr'><strong>caritatis</strong></span> <span class='ocrx_word' id='word_1_430' title='bbox 449 3111 593 3158; x_wconf 84' lang='lat' dir='ltr'><strong>subvertere</strong></span> <span class='ocrx_word' id='word_1_431' title='bbox 649 3114 687 3160; x_wconf 87' lang='lat' dir='ltr'><strong>l8.</strong></span> <span class='ocrx_word' id='word_1_432' title='bbox 698 3114 773 3171; x_wconf 82' lang='lat' dir='ltr'><strong>blulta</strong></span> <span class='ocrx_word' id='word_1_433' title='bbox 783 3112 933 3172; x_wconf 80' lang='lat' dir='ltr'><strong>generantur</strong></span> <span class='ocrx_word' id='word_1_434' title='bbox 943 3113 974 3159; x_wconf 78' lang='lat' dir='ltr'><strong>acl</strong></span> <span class='ocrx_word' id='word_1_435' title='bbox 984 3112 1150 3172; x_wconf 87' lang='lat' dir='ltr'><strong>perturbatio·</strong></span> 
     </span>
     <span class='ocr_line' id='line_1_42' title="bbox 61 3179 1151 3246; baseline -0.005 -11"><span class='ocrx_word' id='word_1_436' title='bbox 61 3199 114 3235; x_wconf 89' lang='lat' dir='ltr'><strong>non</strong></span> <span class='ocrx_word' id='word_1_437' title='bbox 123 3185 233 3246; x_wconf 90' lang='lat' dir='ltr'><strong>possunt.</strong></span> <span class='ocrx_word' id='word_1_438' title='bbox 245 3183 350 3241; x_wconf 89' lang='lat' dir='ltr'><strong>ldeoque</strong></span> <span class='ocrx_word' id='word_1_439' title='bbox 362 3181 464 3228; x_wconf 88' lang='lat' dir='ltr'><strong>caritate</strong></span> <span class='ocrx_word' id='word_1_440' title='bbox 476 3179 594 3227; x_wconf 86' lang='lat' dir='ltr'><strong>lundatus</strong></span> <span class='ocrx_word' id='word_1_441' title='bbox 619 3194 675 3229; x_wconf 87' lang='lat' dir='ltr'><strong>nem</strong></span> <span class='ocrx_word' id='word_1_442' title='bbox 691 3182 797 3230; x_wconf 89' lang='lat' dir='ltr'><strong>bominis</strong></span> <span class='ocrx_word' id='word_1_443' title='bbox 811 3194 818 3226; x_wconf 75' lang='grc' dir='ltr'><em>τ</em></span> <span class='ocrx_word' id='word_1_444' title='bbox 831 3182 857 3228; x_wconf 88' lang='lat' dir='ltr'><strong>at</strong></span> <span class='ocrx_word' id='word_1_445' title='bbox 868 3195 930 3229; x_wconf 90' lang='lat' dir='ltr'><strong>uxor</strong></span> <span class='ocrx_word' id='word_1_446' title='bbox 944 3184 1090 3242; x_wconf 84' lang='lat' dir='ltr'><strong>plerumque</strong></span> <span class='ocrx_word' id='word_1_447' title='bbox 1107 3183 1151 3230; x_wconf 84' lang='lat' dir='ltr'><strong>de·</strong></span> 
     </span>
     <span class='ocr_line' id='line_1_43' title="bbox 54 3249 1149 3310; baseline -0.007 -5"><span class='ocrx_word' id='word_1_448' title='bbox 54 3255 143 3305; x_wconf 83' lang='lat' dir='ltr'><strong>dicit:</strong></span> <span class='ocrx_word' id='word_1_449' title='bbox 155 3251 595 3310; x_wconf 74' lang='lat' dir='ltr'><strong>Temenitempertroustottoutonoooc·</strong></span> <span class='ocrx_word' id='word_1_450' title='bbox 619 3252 689 3309; x_wconf 89' lang='lat' dir='ltr'><strong>cepta</strong></span> <span class='ocrx_word' id='word_1_451' title='bbox 711 3249 833 3310; x_wconf 90' lang='lat' dir='ltr'><strong>serpentis</strong></span> <span class='ocrx_word' id='word_1_452' title='bbox 853 3249 950 3297; x_wconf 89' lang='lat' dir='ltr'><strong>insidiis</strong></span> <span class='ocrx_word' id='word_1_453' title='bbox 968 3250 1078 3297; x_wconf 90' lang='lat' dir='ltr'><strong>animum</strong></span> <span class='ocrx_word' id='word_1_454' title='bbox 1099 3251 1149 3298; x_wconf 88' lang='lat' dir='ltr'><strong>vicl</strong></span> 
     </span>
     <span class='ocr_line' id='line_1_44' title="bbox 64 3317 1149 3380; baseline -0.006 -7"><span class='ocrx_word' id='word_1_455' title='bbox 64 3327 115 3373; x_wconf 85' lang='lat' dir='ltr'><strong>tra.</strong></span> <span class='ocrx_word' id='word_1_456' title='bbox 138 3320 263 3380; x_wconf 86' lang='lat' dir='ltr'><strong>Numquid</strong></span> <span class='ocrx_word' id='word_1_457' title='bbox 280 3331 343 3379; x_wconf 79' lang='lat' dir='ltr'><strong>aqua</strong></span> <span class='ocrx_word' id='word_1_458' title='bbox 364 3318 440 3365; x_wconf 85' lang='lat' dir='ltr'><strong>maris</strong></span> <span class='ocrx_word' id='word_1_459' title='bbox 459 3317 594 3365; x_wconf 84' lang='lat' dir='ltr'><strong>excludere</strong></span> <span class='ocrx_word' id='word_1_460' title='bbox 620 3318 862 3377; x_wconf 77' lang='lat' dir='ltr'><strong>exagitareeonatur</strong></span> <span class='ocrx_word' id='word_1_461' title='bbox 874 3329 882 3364; x_wconf 73' lang='grc' dir='ltr'><em>τ</em></span> <span class='ocrx_word' id='word_1_462' title='bbox 894 3319 920 3365; x_wconf 89' lang='lat' dir='ltr'><strong>et</strong></span> <span class='ocrx_word' id='word_1_463' title='bbox 933 3318 1088 3377; x_wconf 81' lang='lat' dir='ltr'><strong>patersidem</strong></span> <span class='ocrx_word' id='word_1_464' title='bbox 1103 3319 1149 3366; x_wconf 78' lang='lat' dir='ltr'><strong>filii</strong></span> 
     </span>
     <span class='ocr_line' id='line_1_45' title="bbox 17 3385 1150 3452; baseline -0.006 -11"><span class='ocrx_word' id='word_1_465' title='bbox 17 3415 21 3421; x_wconf 85' lang='lat'><em>-</em></span> <span class='ocrx_word' id='word_1_466' title='bbox 64 3393 156 3452; x_wconf 82' lang='lat' dir='ltr'><strong>bloysis</strong></span> <span class='ocrx_word' id='word_1_467' title='bbox 168 3389 248 3449; x_wconf 86' lang='lat' dir='ltr'><strong>potuit</strong></span> <span class='ocrx_word' id='word_1_468' title='bbox 264 3385 411 3435; x_wconf 72' lang='lat' dir='ltr'><strong>caritatem?</strong></span> <span class='ocrx_word' id='word_1_469' title='bbox 425 3387 454 3432; x_wconf 86' lang='lat' dir='ltr'><strong>Et</strong></span> <span class='ocrx_word' id='word_1_470' title='bbox 467 3388 495 3434; x_wconf 90' lang='lat' dir='ltr'><strong>ut</strong></span> <span class='ocrx_word' id='word_1_471' title='bbox 509 3399 596 3434; x_wconf 86' lang='lat' dir='ltr'><strong>secun·</strong></span> <span class='ocrx_word' id='word_1_472' title='bbox 619 3386 763 3446; x_wconf 84' lang='lat' dir='ltr'><strong>frequenter</strong></span> <span class='ocrx_word' id='word_1_473' title='bbox 773 3386 881 3433; x_wconf 82' lang='lat' dir='ltr'><strong>irridet:</strong></span> <span class='ocrx_word' id='word_1_474' title='bbox 895 3387 920 3433; x_wconf 87' lang='lat' dir='ltr'><strong>et</strong></span> <span class='ocrx_word' id='word_1_475' title='bbox 930 3385 970 3432; x_wconf 84' lang='lat' dir='ltr'><strong>vir</strong></span> <span class='ocrx_word' id='word_1_476' title='bbox 980 3386 1089 3444; x_wconf 69' lang='lat' dir='ltr'><strong>coniugis</strong></span> <span class='ocrx_word' id='word_1_477' title='bbox 1099 3398 1150 3435; x_wconf 80' lang='lat' dir='ltr'><strong>auca</strong></span> 
     </span>
     <span class='ocr_line' id='line_1_46' title="bbox 65 3455 1195 3517; baseline -0.005 -8"><span class='ocrx_word' id='word_1_478' title='bbox 65 3461 124 3509; x_wconf 89' lang='lat' dir='ltr'><strong>dum</strong></span> <span class='ocrx_word' id='word_1_479' title='bbox 132 3461 239 3507; x_wconf 85' lang='lat' dir='ltr'><strong>litteram</strong></span> <span class='ocrx_word' id='word_1_480' title='bbox 251 3457 296 3504; x_wconf 90' lang='lat' dir='ltr'><strong>tibi</strong></span> <span class='ocrx_word' id='word_1_481' title='bbox 305 3457 451 3516; x_wconf 88' lang='lat' dir='ltr'><strong>psalmorum</strong></span> <span class='ocrx_word' id='word_1_482' title='bbox 463 3457 538 3504; x_wconf 87' lang='lat' dir='ltr'><strong>series</strong></span> <span class='ocrx_word' id='word_1_483' title='bbox 546 3455 595 3503; x_wconf 86' lang='lat' dir='ltr'><strong>snt·</strong></span> <span class='ocrx_word' id='word_1_484' title='bbox 620 3458 730 3504; x_wconf 89' lang='lat' dir='ltr'><strong>mentem</strong></span> <span class='ocrx_word' id='word_1_485' title='bbox 749 3456 829 3503; x_wconf 88' lang='lat' dir='ltr'><strong>tentat</strong></span> <span class='ocrx_word' id='word_1_486' title='bbox 848 3456 993 3517; x_wconf 84' lang='lat' dir='ltr'><strong>opprobriis.</strong></span> <span class='ocrx_word' id='word_1_487' title='bbox 1011 3455 1059 3502; x_wconf 89' lang='lat' dir='ltr'><strong>Sed</strong></span> <span class='ocrx_word' id='word_1_488' title='bbox 1074 3456 1100 3502; x_wconf 91' lang='lat' dir='ltr'><strong>in</strong></span> <span class='ocrx_word' id='word_1_489' title='bbox 1112 3456 1150 3504; x_wconf 88' lang='lat' dir='ltr'><strong>bis</strong></span> <span class='ocrx_word' id='word_1_490' title='bbox 1194 3471 1195 3474; x_wconf 46' lang='lat'>¹</span> 
     </span>
     <span class='ocr_line' id='line_1_47' title="bbox 65 3524 1149 3587; baseline -0.003 -12"><span class='ocrx_word' id='word_1_491' title='bbox 65 3528 185 3587; x_wconf 75' lang='lat' dir='ltr'><strong>trapetur,</strong></span> <span class='ocrx_word' id='word_1_492' title='bbox 196 3538 286 3585; x_wconf 88' lang='lat' dir='ltr'><strong>nempe</strong></span> <span class='ocrx_word' id='word_1_493' title='bbox 298 3526 401 3584; x_wconf 75' lang='lat' dir='ltr'><strong>diligens</strong></span> <span class='ocrx_word' id='word_1_494' title='bbox 412 3527 504 3583; x_wconf 88' lang='lat' dir='ltr'><strong>Deum,</strong></span> <span class='ocrx_word' id='word_1_495' title='bbox 513 3524 594 3573; x_wconf 87' lang='lat' dir='ltr'><strong>tntum</strong></span> <span class='ocrx_word' id='word_1_496' title='bbox 620 3526 731 3573; x_wconf 91' lang='lat' dir='ltr'><strong>omnibns</strong></span> <span class='ocrx_word' id='word_1_497' title='bbox 742 3525 842 3584; x_wconf 91' lang='lat' dir='ltr'><strong>superat</strong></span> <span class='ocrx_word' id='word_1_498' title='bbox 852 3525 946 3582; x_wconf 78' lang='lat' dir='ltr'><strong>iustus,</strong></span> <span class='ocrx_word' id='word_1_499' title='bbox 963 3525 988 3571; x_wconf 87' lang='lat' dir='ltr'><strong>et</strong></span> <span class='ocrx_word' id='word_1_500' title='bbox 999 3524 1075 3571; x_wconf 90' lang='lat' dir='ltr'><strong>dicit:</strong></span> <span class='ocrx_word' id='word_1_501' title='bbox 1093 3527 1149 3586; x_wconf 81' lang='lat' dir='ltr'><strong>Quis</strong></span> 
     </span>
     <span class='ocr_line' id='line_1_48' title="bbox 66 3592 1150 3655; baseline -0.005 -10"><span class='ocrx_word' id='word_1_502' title='bbox 66 3596 115 3645; x_wconf 84' lang='lat' dir='ltr'><strong>sibi</strong></span> <span class='ocrx_word' id='word_1_503' title='bbox 132 3595 237 3645; x_wconf 88' lang='lat' dir='ltr'><strong>credidit</strong></span> <span class='ocrx_word' id='word_1_504' title='bbox 254 3596 302 3642; x_wconf 89' lang='lat' dir='ltr'><strong>iter</strong></span> <span class='ocrx_word' id='word_1_505' title='bbox 318 3607 371 3641; x_wconf 88' lang='lat' dir='ltr'><strong>esse</strong></span> <span class='ocrx_word' id='word_1_506' title='bbox 389 3606 434 3652; x_wconf 87' lang='lat' dir='ltr'><strong>per</strong></span> <span class='ocrx_word' id='word_1_507' title='bbox 444 3594 530 3639; x_wconf 85' lang='lat' dir='ltr'><strong>marin.</strong></span> <span class='ocrx_word' id='word_1_508' title='bbox 547 3593 595 3651; x_wconf 78' lang='lat' dir='ltr'><strong>Qui</strong></span> <span class='ocrx_word' id='word_1_509' title='bbox 619 3595 789 3655; x_wconf 82' lang='lat' dir='ltr'><strong>nosccparobit</strong></span> <span class='ocrx_word' id='word_1_510' title='bbox 804 3609 820 3641; x_wconf 87' lang='lat' dir='ltr'><strong>o</strong></span> <span class='ocrx_word' id='word_1_511' title='bbox 836 3595 934 3640; x_wconf 82' lang='lat' dir='ltr'><strong>caritate</strong></span> <span class='ocrx_word' id='word_1_512' title='bbox 945 3592 1051 3641; x_wconf 77' lang='lat' dir='ltr'><strong>Christi?</strong></span> <span class='ocrx_word' id='word_1_513' title='bbox 1064 3594 1150 3640; x_wconf 80' lang='lat' dir='ltr'><strong>Tribo-</strong></span> 
     </span>
     <span class='ocr_line' id='line_1_49' title="bbox 67 3661 1150 3722; baseline -0.006 -10"><span class='ocrx_word' id='word_1_514' title='bbox 67 3666 149 3712; x_wconf 89' lang='lat' dir='ltr'><strong>antem</strong></span> <span class='ocrx_word' id='word_1_515' title='bbox 167 3677 217 3713; x_wconf 90' lang='lat' dir='ltr'><strong>non</strong></span> <span class='ocrx_word' id='word_1_516' title='bbox 236 3661 378 3710; x_wconf 80' lang='lat' dir='ltr'><strong>dilexerunt</strong></span> <span class='ocrx_word' id='word_1_517' title='bbox 398 3662 492 3719; x_wconf 82' lang='lat' dir='ltr'><strong>Deum,</strong></span> <span class='ocrx_word' id='word_1_518' title='bbox 508 3662 535 3707; x_wconf 93' lang='lat' dir='ltr'><strong>bi</strong></span> <span class='ocrx_word' id='word_1_519' title='bbox 552 3663 596 3710; x_wconf 89' lang='lat' dir='ltr'><strong>de-</strong></span> <span class='ocrx_word' id='word_1_520' title='bbox 620 3665 688 3722; x_wconf 87' lang='lat' dir='ltr'><strong>totio,</strong></span> <span class='ocrx_word' id='word_1_521' title='bbox 699 3676 731 3709; x_wconf 83' lang='lat' dir='ltr'><strong>on</strong></span> <span class='ocrx_word' id='word_1_522' title='bbox 742 3661 1150 3721; x_wconf 64' lang='lat' dir='ltr'><strong>angustie...unpersccuttotQuo·</strong></span> 
     </span>
     <span class='ocr_line' id='line_1_50' title="bbox 67 3725 1149 3790; baseline -0.011 -8"><span class='ocrx_word' id='word_1_523' title='bbox 67 3733 265 3782; x_wconf 87' lang='lat' dir='ltr'><strong>mersitluctibus</strong></span> <span class='ocrx_word' id='word_1_524' title='bbox 283 3731 384 3790; x_wconf 78' lang='lat' dir='ltr'><strong>dignum</strong></span> <span class='ocrx_word' id='word_1_525' title='bbox 401 3729 537 3787; x_wconf 75' lang='lat' dir='ltr'><strong>sacrilegiis</strong></span> <span class='ocrx_word' id='word_1_526' title='bbox 546 3731 596 3776; x_wconf 89' lang='lat' dir='ltr'><strong>suis</strong></span> <span class='ocrx_word' id='word_1_527' title='bbox 621 3729 668 3775; x_wconf 90' lang='lat' dir='ltr'><strong>tics</strong></span> <span class='ocrx_word' id='word_1_528' title='bbox 688 3729 741 3787; x_wconf 85' lang='lat' dir='ltr'><strong>ipsu</strong></span> <span class='ocrx_word' id='word_1_529' title='bbox 765 3728 895 3775; x_wconf 82' lang='lat' dir='ltr'><strong>benefacta</strong></span> <span class='ocrx_word' id='word_1_530' title='bbox 919 3729 1017 3775; x_wconf 89' lang='lat' dir='ltr'><strong>crimini</strong></span> <span class='ocrx_word' id='word_1_531' title='bbox 1040 3725 1149 3773; x_wconf 75' lang='lat' dir='ltr'><strong>dantur?</strong></span> 
     </span>
     <span class='ocr_line' id='line_1_51' title="bbox 68 3791 1150 3862; baseline -0.013 -12"><span class='ocrx_word' id='word_1_532' title='bbox 68 3803 162 3850; x_wconf 81' lang='lat' dir='ltr'><strong>exitum</strong></span> <span class='ocrx_word' id='word_1_533' title='bbox 171 3801 334 3862; x_wconf 85' lang='lat' dir='ltr'><strong>pertulerunt.</strong></span> <span class='ocrx_word' id='word_1_534' title='bbox 343 3799 408 3845; x_wconf 83' lang='lat' dir='ltr'><strong>Elias</strong></span> <span class='ocrx_word' id='word_1_535' title='bbox 415 3800 488 3858; x_wconf 82' lang='lat' dir='ltr'><strong>atque</strong></span> <span class='ocrx_word' id='word_1_536' title='bbox 497 3799 597 3846; x_wconf 82' lang='lat' dir='ltr'><strong>Elisaeus</strong></span> <span class='ocrx_word' id='word_1_537' title='bbox 620 3796 720 3854; x_wconf 85' lang='lat' dir='ltr'><strong>Quoties</strong></span> <span class='ocrx_word' id='word_1_538' title='bbox 729 3794 808 3843; x_wconf 84' lang='lat' dir='ltr'><strong>virtus</strong></span> <span class='ocrx_word' id='word_1_539' title='bbox 820 3795 950 3854; x_wconf 90' lang='lat' dir='ltr'><strong>opprobrio</strong></span> <span class='ocrx_word' id='word_1_540' title='bbox 961 3791 1073 3841; x_wconf 78' lang='lat' dir='ltr'><strong>ducitur?</strong></span> <span class='ocrx_word' id='word_1_541' title='bbox 1083 3794 1150 3847; x_wconf 77' lang='lat' dir='ltr'><strong>Quo-</strong></span> 
     </span>
     <span class='ocr_line' id='line_1_52' title="bbox 68 3858 1150 3928; baseline -0.013 -11"><span class='ocrx_word' id='word_1_542' title='bbox 68 3870 198 3918; x_wconf 77' lang='lat' dir='ltr'><strong>lordanem</strong></span> <span class='ocrx_word' id='word_1_543' title='bbox 210 3868 399 3918; x_wconf 88' lang='lat' dir='ltr'><strong>transmiserunt</strong></span> <span class='ocrx_word' id='word_1_544' title='bbox 413 3867 492 3928; x_wconf 86' lang='lat' dir='ltr'><strong>pede3</strong></span> <span class='ocrx_word' id='word_1_545' title='bbox 503 3866 529 3912; x_wconf 89' lang='lat' dir='ltr'><strong>et</strong></span> <span class='ocrx_word' id='word_1_546' title='bbox 544 3867 596 3913; x_wconf 85' lang='lat' dir='ltr'><strong>baec</strong></span> <span class='ocrx_word' id='word_1_547' title='bbox 621 3867 669 3913; x_wconf 87' lang='lat' dir='ltr'><strong>ties</strong></span> <span class='ocrx_word' id='word_1_548' title='bbox 685 3865 736 3924; x_wconf 92' lang='lat' dir='ltr'><strong>ipsa</strong></span> <span class='ocrx_word' id='word_1_549' title='bbox 756 3863 849 3924; x_wconf 78' lang='lat' dir='ltr'><strong>ingrata</strong></span> <span class='ocrx_word' id='word_1_550' title='bbox 867 3863 904 3912; x_wconf 91' lang='lat' dir='ltr'><strong>est</strong></span> <span class='ocrx_word' id='word_1_551' title='bbox 918 3860 1014 3922; x_wconf 71' lang='lat' dir='ltr'><strong>gratia?</strong></span> <span class='ocrx_word' id='word_1_552' title='bbox 1032 3858 1150 3904; x_wconf 78' lang='lat' dir='ltr'><strong>Vendidit</strong></span> 
     </span>
     <span class='ocr_line' id='line_1_53' title="bbox 69 3926 1151 3996; baseline -0.016 -9"><span class='ocrx_word' id='word_1_553' title='bbox 69 3938 120 3987; x_wconf 82' lang='lat' dir='ltr'><strong>luit</strong></span> <span class='ocrx_word' id='word_1_554' title='bbox 136 3937 220 3984; x_wconf 73' lang='lat' dir='ltr'><strong>nimiae</strong></span> <span class='ocrx_word' id='word_1_555' title='bbox 237 3950 331 3984; x_wconf 89' lang='lat' dir='ltr'><strong>merces</strong></span> <span class='ocrx_word' id='word_1_556' title='bbox 346 3936 373 3983; x_wconf 87' lang='lat' dir='ltr'><strong>ot</strong></span> <span class='ocrx_word' id='word_1_557' title='bbox 383 3935 461 3996; x_wconf 82' lang='lat' dir='ltr'><strong>gratia</strong></span> <span class='ocrx_word' id='word_1_558' title='bbox 477 3934 595 3982; x_wconf 85' lang='lat' dir='ltr'><strong>caritatis.</strong></span> <span class='ocrx_word' id='word_1_559' title='bbox 620 3933 699 3992; x_wconf 81' lang='lat' dir='ltr'><strong>iustus</strong></span> <span class='ocrx_word' id='word_1_560' title='bbox 709 3932 837 3979; x_wconf 77' lang='lat' dir='ltr'><strong>facultates</strong></span> <span class='ocrx_word' id='word_1_561' title='bbox 847 3943 916 3989; x_wconf 90' lang='lat' dir='ltr'><strong>suas,</strong></span> <span class='ocrx_word' id='word_1_562' title='bbox 926 3926 1077 3987; x_wconf 84' lang='lat' dir='ltr'><strong>dispensarit</strong></span> <span class='ocrx_word' id='word_1_563' title='bbox 1090 3938 1151 3984; x_wconf 84' lang='lat' dir='ltr'><strong>pau·</strong></span> 
     </span>
    </p>
   </div>
   <div class='ocr_carea' id='block_1_3' title="bbox 69 3992 1152 4064">
    <p class='ocr_par' dir='ltr' id='par_1_3' title="bbox 69 3992 1152 4064">
     <span class='ocr_line' id='line_1_54' title="bbox 69 3992 1152 4064; baseline -0.014 -9"><span class='ocrx_word' id='word_1_564' title='bbox 69 4005 102 4055; x_wconf 84' lang='lat' dir='ltr'><strong>lli</strong></span> <span class='ocrx_word' id='word_1_565' title='bbox 113 4004 188 4064; x_wconf 80' lang='lat' dir='ltr'><strong>igitur</strong></span> <span class='ocrx_word' id='word_1_566' title='bbox 198 4005 225 4051; x_wconf 91' lang='lat' dir='ltr'><strong>ut</strong></span> <span class='ocrx_word' id='word_1_567' title='bbox 235 4005 368 4052; x_wconf 82' lang='lat' dir='ltr'><strong>transirent</strong></span> <span class='ocrx_word' id='word_1_568' title='bbox 380 4016 454 4064; x_wconf 81' lang='lat' dir='ltr'><strong>nqcras</strong></span> <span class='ocrx_word' id='word_1_569' title='bbox 464 4003 533 4050; x_wconf 85' lang='lat' dir='ltr'><strong>ssurii</strong></span> <span class='ocrx_word' id='word_1_570' title='bbox 543 4003 596 4050; x_wconf 84' lang='lat' dir='ltr'><strong>Jor·</strong></span> <span class='ocrx_word' id='word_1_571' title='bbox 622 4001 735 4063; x_wconf 87' lang='lat' dir='ltr'><strong>poribus,</strong></span> <span class='ocrx_word' id='word_1_572' title='bbox 746 4000 811 4049; x_wconf 85' lang='lat' dir='ltr'><strong>nibil</strong></span> <span class='ocrx_word' id='word_1_573' title='bbox 823 3999 869 4047; x_wconf 89' lang='lat' dir='ltr'><strong>sibi</strong></span> <span class='ocrx_word' id='word_1_574' title='bbox 880 3997 979 4056; x_wconf 86' lang='lat' dir='ltr'><strong>reliquit</strong></span> <span class='ocrx_word' id='word_1_575' title='bbox 991 4008 998 4040; x_wconf 77' lang='lat' dir='ltr'><strong>r</strong></span> <span class='ocrx_word' id='word_1_576' title='bbox 1014 3992 1152 4042; x_wconf 84' lang='lat' dir='ltr'><strong>contemni·</strong></span> 
     </span>
    </p>
   </div>
   <div class='ocr_carea' id='block_1_4' title="bbox 0 0 1389 4794">
    <p class='ocr_par' dir='ltr' id='par_1_4' title="bbox 0 0 1389 4794">
     <span class='ocr_line' id='line_1_55' title="bbox 0 0 1389 4794; baseline 0 0"><span class='ocrx_word' id='word_1_577' title='bbox 0 0 1389 4794; x_wconf 95' lang='lat' dir='ltr'><strong> </strong></span> 
     </span>
    </p>
   </div>
  </div>
 </body>
</html>
