2752 4784
141 383 185 440 Ιῴῖ
395 410 398 415 ,
534 384 654 427 SANCTI
668 381 829 426 Amanosn

142 467 277 515 aitsanctus
291 467 412 514 lohannes
427 463 535 522 Baptista
549 461 667 511 nobilite-
692 461 847 520 impossibile
862 461 900 508 est
917 459 1014 509 naturas
1031 471 1039 505 a
1054 460 1100 507 sed
1116 471 1162 520 per
1178 461 1218 510 Del

142 536 183 581 tur
203 535 360 595 parentibus,
380 531 522 587 miraculis,
541 531 666 589 moribus,
690 525 793 587 gratiam
811 527 837 575 et
853 526 998 588 qualitatem
1021 526 1079 585 sui,
1098 528 1159 587 quia
1174 527 1219 584 iam

142 615 258 661 inuuere,
280 599 407 662 passione?
427 599 467 646 Sic
485 598 561 646 etiam
589 598 666 644 sancti
691 609 740 642 non
754 595 859 655 peccat,
874 596 903 643 fit
918 595 946 642 ut
965 596 1128 644 immaculata
1143 597 1219 645 videa·

143 669 240 716 Samuel
251 670 329 715 mater
339 668 407 714 Aona
417 665 531 712 laudatur
539 678 546 710 a
555 665 589 711 sio
602 666 667 711 tsaac
691 662 757 712 tur'.

141 737 308 796 aparentibus
317 734 471 782 nobilitatem
488 733 587 793 pietatis
600 745 667 779 acce·
722 732 761 778 lii.
767 731 815 777 Nec
826 728 902 778 otiose
908 730 988 789 iustos
998 730 1146 777 anteDeum
1153 729 1217 788 dixit,

141 804 191 864 pit,
202 816 273 864 mam
283 796 388 863 posteris
398 802 541 861 dereliquit.
552 800 668 847 Sacerdos
690 801 818 846 incedentes
827 799 980 845 inmondntis
992 799 1015 844 et
1020 798 1218 856 iustificationibus

142 872 225 931 itaquo
234 872 378 929 Zacharias,
393 883 441 918 nec
453 871 533 918 solum
543 870 668 927 sacerdos,
691 869 806 914 Domini:
816 867 844 912 iu
853 877 902 924 quo
912 866 1008 912 Patrem
1019 865 1218 924 omnipotentem,

141 939 268 987 sedetiam
281 941 312 988 de
322 940 378 988 vice
394 939 468 996 Abia,
480 938 567 996 idest,
578 937 669 984 nobilis
693 933 719 979 et
732 933 822 978 Filium
840 930 1039 990 comprehendit.
1059 931 1152 978 Filium
1171 943 1217 978 esse

141 1007 207 1056 inter
216 1009 353 1068 superiores
372 1007 484 1054 familias.
692 1001 735 1061 qui
754 1003 832 1060 legam
843 1001 946 1058 tulerit,
957 1000 1076 1048 mandata
1093 1001 1217 1061 praesorip·

172 1076 211 1123 ao.
222 1079 254 1124 Bt
264 1091 341 1134 onor,
358 1076 452 1136 inquit,
468 1075 517 1133 eius
533 1075 560 1120 de
577 1072 669 1132 filiabus
692 1071 769 1129 serit,
780 1073 855 1121 etiam
872 1072 971 1118 sanctus
981 1073 1061 1118 Lucas
1072 1071 1216 1129 avangelista

143 1146 234 1194 Aaron.
245 1149 298 1194 Non
311 1148 389 1194 solum
398 1145 497 1205 iqitnra
512 1143 668 1203 parentibus,
693 1139 809 1189 declarat.
826 1142 857 1188 Et
872 1140 936 1187 bene
955 1140 1036 1198 justos
1054 1139 1113 1186 ante
1132 1141 1214 1197 Demm

142 1214 272 1262 sedetiam
286 1227 301 1261 a
316 1214 451 1273 majoribus
464 1209 670 1259 sanctilobannis
693 1220 741 1254 noo
762 1209 828 1256 enim
846 1210 926 1256 omnis
943 1209 986 1268 qui
1004 1208 1087 1266 justus
1107 1208 1147 1256 est
1167 1208 1214 1254 anto

143 1284 259 1331 nobilitas
268 1285 428 1344 propagatum
440 1294 489 1329 non
505 1280 615 1328 seculari
626 1292 670 1339 po-
692 1276 819 1336 homines,
828 1277 907 1336 iustus
918 1276 956 1322 est
977 1275 1036 1322 ante
1047 1276 1137 1321 Deum.
1148 1274 1214 1320 Aliter

143 1352 231 1400 testate
244 1353 370 1410 sublimis,
381 1351 425 1400 sed
436 1349 563 1410 religionis
573 1360 670 1396 succes·
693 1344 780 1391 vident
799 1345 927 1402 homines,
944 1343 1018 1390 aliter
1041 1343 1113 1390 videt
1133 1343 1213 1388 Deus:

144 1419 213 1467 sione
231 1418 468 1466 venerabilis.‘rales
489 1416 555 1464 enim
566 1415 670 1473 majores
693 1411 804 1460 homines
822 1414 848 1459 in
865 1412 943 1470 facie,
960 1411 1031 1458 Deus
1050 1411 1077 1457 in
1094 1410 1174 1457 corde.
1191 1408 1214 1455 nt

144 1485 235 1535 babere
250 1487 338 1535 debuit
354 1485 506 1546 praenuntius
520 1483 624 1538 Christi3
643 1485 670 1530 ut
693 1481 748 1528 ideo
766 1482 821 1528 lieri
836 1480 920 1541 potest
936 1479 965 1526 ut
986 1479 1096 1537 aliquis,
1111 1477 1213 1525 affectata

143 1565 193 1600 non
203 1556 305 1612 repente
316 1555 474 1613 conceptam,
490 1551 534 1598 sed
548 1551 682 1618 majori-t
693 1550 802 1597 bonitate
810 1549 931 1610 populari,
938 1546 1212 1607 justusvideaturmihi:

143 1620 188 1666 lius
207 1624 348 1680 acceptam,
365 1623 391 1668 et
416 1622 468 1680 ipso
488 1620 593 1666 infusam
612 1619 669 1676 iure
692 1618 771 1674 iustus
790 1620 873 1666 antem
890 1619 947 1664 ante
966 1618 1047 1663 Deum
1069 1628 1120 1663 non
1141 1615 1183 1668 sit,
1196 1613 1212 1658 si

142 1685 235 1732 araturae
245 1687 378 1743 predicare
386 1687 460 1733 fidem
468 1685 591 1731 Dominicl
602 1686 670 1732 vide-
691 1687 788 1743 justitia
812 1700 863 1734 non
889 1699 920 1734 ex
946 1686 1039 1732 mentis
1065 1683 1212 1743 simplicitate

142 1751 210 1798 retor
219 1751 347 1799 adventus.
693 1754 826 1811 formetur,
847 1755 891 1803 sed
908 1753 1052 1801 adulatione
1078 1751 1212 1807 simidetm3

173 1819 211 1866 lt.
225 1822 317 1878 Bront,
336 1818 431 1879 inquit,
441 1817 510 1866 ambo
521 1817 581 1876 iusti
587 1849 595 1874 ,
606 1819 670 1865 inee-
693 1820 833 1867 abscondita
843 1820 946 1868 enimin
956 1831 985 1865 oa
993 1819 1068 1865 bomo
1076 1830 1126 1865 non
1135 1816 1213 1877 poterit

143 1889 220 1937 ‹lentea
231 1890 256 1935 iu
266 1887 373 1936 omnibus
389 1886 507 1934 mandetis
517 1888 540 1932 et
554 1885 670 1944 justifico-
694 1888 888 1947 deprehendere.
896 1888 1008 1935 Perfecta
1021 1886 1100 1945 igitur
1110 1887 1162 1933 laos
1170 1884 1211 1942 est,

143 1957 243 2005 tinnitus
258 1959 356 2004 Domini
371 1958 420 2003 sine
436 1955 539 2015 querela.
556 1954 620 2011 Quid
640 1954 671 2001 ad
693 1958 750 2002 ante
761 1955 842 2004 Deum
855 1957 950 2014 iustum
968 1968 1032 2002 esse.
1045 1954 1115 2001 Unde
1126 1955 1213 2012 etapo

144 2025 190 2073 boc
208 2026 318 2074 referunt
336 2024 379 2086 qui
397 2024 504 2085 peccatis
518 2023 569 2070 suis
585 2024 670 2070 solatia
693 2025 769 2072 stolus
780 2038 787 2072 a
798 2025 870 2084 Cutius
879 2028 940 2081 laus,
950 2023 1101 2083 inquit,uon
1111 2022 1214 2070 exhomi-

144 2093 310 2153 preferentes,
317 2096 371 2142 sine
382 2093 490 2154 peccatis
501 2088 682 2172 frequentibus]
693 2093 774 2153 nibus,
785 2096 824 2142 aed
838 2107 868 2140 eac
879 2096 929 2140 Deo
939 2095 981 2140 est.
993 2092 1083 2139 Beatus
1093 2093 1165 2150 plane
1179 2089 1213 2136 illc

144 2162 270 2211 hominem
291 2165 379 2224 putant
397 2174 450 2210 esse
470 2174 519 2208 non
540 2173 625 2220 posse,
645 2162 672 2208 et
693 2162 736 2220 qui
747 2162 773 2208 in
787 2161 919 2222 conspectu
930 2161 977 2207 Dei
987 2160 1069 2218 iustus
1080 2161 1127 2207 est.
1137 2160 1214 2207 Beatus

144 2231 246 2279 utuntur
256 2231 393 2290 versicul03
401 2230 459 2291 quia
467 2229 585 2288 scriptum
596 2229 634 2274 est
644 2228 671 2275 in
694 2232 751 2290 ille,
763 2232 795 2278 de
806 2244 855 2291 quo
864 2230 983 2277 Dominus
993 2230 1110 2289 dignatur
1120 2230 1213 2276 dicere:

56 2343 58 2346 Α
144 2299 189 2346 tob
199 2313 206 2346 a
218 2303 291 2348 Nemo
302 2301 402 2347 mundus
412 2313 428 2346 o
437 2299 516 2354 sorde,
528 2310 569 2344 nec
583 2298 605 2344 si
622 2310 671 2343 uuo
693 2302 752 2347 Ecce
761 2314 814 2347 cere
825 2300 941 2349 israelita.
953 2300 979 2344 in
988 2311 1034 2357 qno
1045 2300 1112 2346 dotus
1121 2300 1214 2356 nonest·

144 2369 291 2429 dieoitoejus
298 2372 327 2417 sit
336 2371 362 2416 in
372 2372 445 2424 terra,
454 2369 574 2414 numerosi
583 2379 672 2414 menses
693 2380 767 2414 verus
776 2368 844 2415 enim
854 2367 980 2429 israelita.
990 2365 1035 2425 qui
1046 2367 1127 2413 Deum
1142 2365 1214 2423 ridet,

144 2438 192 2496 ejus
203 2438 233 2484 nb
243 2440 290 2498 ipso
298 2437 408 2495 iQuiBos
417 2433 613 2494 respondendum
624 2437 670 2493 est,
694 2436 720 2482 et
729 2436 809 2484 rideri
819 2448 845 2483 se
856 2434 927 2482 novit
934 2446 948 2479 a
956 2435 1018 2494 Deo,
1028 2435 1056 2482 et
1066 2434 1114 2494 ipsi
1122 2434 1216 2481 exhibet

144 2505 214 2563 prius
223 2505 321 2564 utquid
331 2505 363 2551 sit
373 2504 496 2551 bominem
506 2503 559 2549 sine
569 2504 671 2562 peceato
694 2501 780 2552 cordis'
790 2505 894 2551 occulta.
905 2504 976 2550 Solus
990 2503 1060 2550 enim
1075 2502 1216 2563 perfectior,

145 2585 198 2619 esse
216 2572 353 2619 definiant:
370 2575 452 2620 utrum
468 2583 601 2631 numquam
618 2583 671 2616 om·
694 2572 736 2629 qui
745 2573 776 2619 ab
785 2584 814 2619 eo
822 2573 947 2631 probatur,
955 2571 999 2631 qui
1007 2583 1059 2618 non
1068 2571 1149 2631 potest
1157 2570 1216 2616 falli:

144 2639 203 2684 nino
213 2650 339 2696 peccasse,
350 2651 381 2685 an
400 2640 500 2685 desiisse
516 2638 636 2696 peccare?
645 2639 671 2684 Si
693 2642 786 2688 iudicia
800 2641 866 2687 enim
878 2642 976 2688 Domini
992 2640 1217 2698 oero:1udiciaau·

144 2704 266 2751 enimboc
278 2705 429 2763 putantsine
440 2705 671 2764 peccatoesse,de·
694 2710 744 2755 tem
766 2710 893 2756 hominum
911 2723 975 2769 saepe
997 2709 1133 2770 falluntur3
1152 2709 1178 2756 ut
1195 2708 1217 2754 et

143 2769 671 2833 siisaepeccare,etipseconsentiottimoes
693 2776 792 2833 iniustis
815 2778 917 2835 iustitiae
943 2778 1049 2837 gratiam
1083 2776 1218 2838 frequenter

143 2845 206 2891 enim
220 2846 385 2904 mceooerunt,
407 2845 430 2890 et
446 2844 510 2902 spent
528 2843 603 2902 storin
616 2845 670 2891 Dei.
694 2846 848 2905 adscribant,
864 2846 890 2894 ot
903 2846 997 2904 iustum
1008 2847 1054 2894 aut
1071 2847 1128 2894 odio
1141 2857 1218 2906 porse·

143 2911 186 2960 Sin
197 2913 280 2961 antem
294 2926 368 2972 eum,
380 2913 423 2973 qui
438 2914 548 2961 veterem
564 2925 670 2979 errorem
693 2916 811 2974 qrrantm,
823 2914 865 2962 aut
874 2915 1004 2962 mendacio
1015 2915 1167 2963 decolorent.
1175 2916 1218 2961 llo·

144 2982 294 3041 correxerit,
304 2983 330 3030 et
340 2981 367 3028 in
378 2994 432 3029 eam
443 2993 470 3028 se
485 2980 543 3028 vitae
553 2981 671 3029 transfor·
693 2987 724 3032 ott
733 2984 814 3032 autem
819 2987 935 3033 Dominus
942 2986 1150 3032 immaculatorum
1159 2986 1218 3041 vinu

144 3051 249 3099 moverit
258 3051 415 3112 qualitatem,
425 3052 452 3099 ut
459 3051 580 3110 temperet
590 3062 604 3097 a
615 3062 672 3110 pec·
693 3066 739 3101 nec
750 3065 794 3113 pro
806 3054 935 3114 peccatore
945 3052 1116 3113 laudabilem,
1125 3064 1170 3099 nec
1180 3062 1218 3110 pro

145 3120 215 3179 cato,
229 3121 320 3181 negant
333 3121 457 3168 abstinere
473 3119 611 3173 adelictis,
622 3132 670 3166 non
695 3122 811 3169 laudabili
822 3123 976 3181 peecatorem
988 3134 995 3167 ε
1007 3121 1052 3168 sed
1063 3128 1219 3180 unumquem-

144 3201 240 3246 possum
249 3192 275 3237 in
281 3203 365 3238 eorum
372 3187 503 3238 convenire
510 3189 670 3247 sententiam3
694 3203 742 3249 que
753 3203 797 3250 pro
811 3190 1004 3250 competentium
1017 3189 1115 3247 judiont
1131 3188 1218 3236 ratione

144 3258 576 3318 cumlegamusaQniasicDominns
590 3259 672 3306 ditexit
693 3260 852 3318 meritorum3
881 3258 948 3305 idem
974 3259 1012 3305 est
1038 3259 1108 3305 enim
1133 3255 1219 3304 arbiter

144 3326 310 3373 fii-clerium...
320 3331 347 3375 ut
356 3327 465 3375 exhibent
473 3327 518 3374 sibi
531 3328 577 3386 ipse
587 3327 672 3386 plotio·
693 3329 783 3376 mentis
795 3330 820 3377 et
830 3328 898 3376 facti.
909 3327 1002 3375 Divina
1011 3339 1120 3387 namque
1130 3325 1218 3384 iudicia

143 3404 208 3446 som,
219 3395 242 3439 et
250 3405 299 3439 non
308 3395 429 3442 iubentem
439 3396 570 3450 morulam,
580 3397 623 3442 ont
631 3409 671 3441 rn-
693 3398 811 3445 meritum
825 3397 887 3457 iusti
905 3407 938 3444 ex
948 3395 1040 3442 mentis
1056 3395 1158 3454 babitu,
1174 3403 1218 3439 non

144 3469 210 3516 pom,
229 3462 272 3507 cut
288 3461 377 3518 aliquid
394 3461 506 3518 ejusmodi
521 3474 530 3506 .·
546 3462 584 3508 sed
599 3463 670 3508 utsii
694 3465 776 3525 aliquo
786 3465 905 3513 factorum
923 3464 994 3512 exitu
1004 3463 1154 3511 metiuntur.
1164 3463 1219 3508 Pon

143 3525 252 3570 sonotoet
261 3526 421 3572 immaculato.
432 3525 492 3571 Nam
499 3537 554 3571 cum
561 3526 670 3572 Ecclesia
693 3543 805 3593 numqua
820 3534 886 3581 enim
897 3532 940 3581 aut
950 3533 1014 3579 bona
1025 3544 1097 3579 mens
1108 3532 1167 3579 facti
1183 3541 1219 3576 re-

80 3644 84 3656 ,
144 3592 314 3651 exgentibus,
330 3593 441 3654 horest,
454 3606 487 3641 ex
500 3593 670 3654 peccatoribus
692 3600 867 3660 prehensibilis
889 3600 962 3649 exitu
979 3600 1134 3648 deformatur
1152 3612 1160 3645 ς
1181 3599 1221 3645 sut

144 3661 286 3719 congregata
296 3661 344 3721 sit,
362 3662 482 3722 quomodo
493 3675 526 3711 ex
543 3663 670 3711 maculatis

100 3776 103 3783 ,
144 3730 297 3780 immacuma
307 3730 387 3789 potest
397 3745 466 3789 0880}
477 3733 525 3782 nisi
535 3734 615 3793 primo
624 3746 670 3794 per
715 3753 724 3772 ⁸
735 3752 782 3789 Non
791 3751 846 3788 levia
855 3754 875 3788 εἰ
889 3749 1025 3797 quotidiam,
1036 3748 1073 3786 Μ
1085 3748 1160 3796 gravia
1173 3757 1221 3795 pec.

144 3802 190 3848 Dei
201 3799 317 3860 gratiam,
325 3799 390 3858 qnod
400 3800 483 3848 abluta
493 3813 507 3847 a
517 3801 607 3850 delicto
617 3801 650 3849 sit
660 3812 667 3846 t
693 3808 748 3850 cata,
757 3805 828 3852 quana
836 3807 885 3841 sunt
895 3812 945 3851 quas
952 3803 1120 3841 mortificantem
1132 3802 1221 3848 qratiam

144 3871 234 3919 (poinde
248 3869 313 3930 quod
329 3879 374 3929 pei·
388 3867 534 3927 qualitatem
550 3883 599 3918 non
608 3882 669 3931 pec,
692 3859 823 3922 excludunt,
834 3858 870 3896 bic
879 3856 1019 3922 ¹inlelllpanda
1031 3865 1073 3894 ease
1087 3857 1221 3920 manifestum

692 3918 733 3959 est;
742 3923 794 3951 cum
803 3923 845 3960 ipso
855 3921 954 3950 miseram
965 3911 1021 3949 hanc
1030 3910 1144 3958 meandi,
1153 3907 1221 3958 quoad

144 3939 215 4020 ωὼ
228 3938 354 4020 Qum
370 3947 385 3986 a
398 3937 558 3985 delicti331t³
571 3952 623 4018 ,¹¹⁰⁰
637 3940 668 3987 ab
692 3968 730 4006 isto
744 3976 832 4014 corpora
846 3964 1065 4011 mortislibcromur,
1080 3964 1220 4004 necessitatem

145 4008 217 4058 instro
227 4006 395 4068 immaculata3
411 4006 526 4053 humanae
538 4018 604 4054 enim
622 4007 668 4056 boc
692 4020 766 4068 passm
777 4020 878 4068 quiscat,
