<?xml version="1.0" encoding="UTF-8"?>
<!DOCTYPE html PUBLIC "-//W3C//DTD XHTML 1.0 Transitional//EN"
    "http://www.w3.org/TR/xhtml1/DTD/xhtml1-transitional.dtd">
<html xmlns="http://www.w3.org/1999/xhtml" xml:lang="en" lang="en">
 <head>
  <title>
</title>
<meta http-equiv="Content-Type" content="text/html;charset=utf-8" />
  <meta name='ocr-system' content='tesseract 3.04.00' />
  <meta name='ocr-capabilities' content='ocr_page ocr_carea ocr_par ocr_line ocrx_word'/>
</head>
<body>
  <div class='ocr_page' id='page_1' title='image "./operaomnia00ambrgoog_0253.png"; bbox 0 0 2760 4794; ppageno 0'>
   <div class='ocr_carea' id='block_1_1' title="bbox 146 458 1252 623">
    <p class='ocr_par' dir='ltr' id='par_1_1' title="bbox 146 458 1252 623">
     <span class='ocr_line' id='line_1_1' title="bbox 146 458 859 544; baseline -0.004 -19"><span class='ocrx_word' id='word_1_1' title='bbox 146 458 213 544; x_wconf 66' lang='lat' dir='ltr'>‘ses</span> <span class='ocrx_word' id='word_1_2' title='bbox 554 480 680 525; x_wconf 74' lang='lat' dir='ltr'>sunem</span> <span class='ocrx_word' id='word_1_3' title='bbox 694 478 859 523; x_wconf 74' lang='lat' dir='ltr'>nunnosm</span> 
     </span>
     <span class='ocr_line' id='line_1_2' title="bbox 159 556 1252 623; baseline -0.002 -16"><span class='ocrx_word' id='word_1_4' title='bbox 159 561 288 610; x_wconf 86' lang='lat' dir='ltr'>micilium.</span> <span class='ocrx_word' id='word_1_5' title='bbox 300 562 352 610; x_wconf 83' lang='lat' dir='ltr'>Non</span> <span class='ocrx_word' id='word_1_6' title='bbox 368 574 425 623; x_wconf 73' lang='lat' dir='ltr'>ergo</span> <span class='ocrx_word' id='word_1_7' title='bbox 443 572 492 610; x_wconf 91' lang='lat' dir='ltr'>uuo</span> <span class='ocrx_word' id='word_1_8' title='bbox 503 562 545 610; x_wconf 90' lang='lat' dir='ltr'>dle</span> <span class='ocrx_word' id='word_1_9' title='bbox 556 563 688 623; x_wconf 78' lang='lat' dir='ltr'>queritur,</span> <span class='ocrx_word' id='word_1_10' title='bbox 717 562 745 610; x_wconf 89' lang='lat' dir='ltr'>ut</span> <span class='ocrx_word' id='word_1_11' title='bbox 756 573 888 623; x_wconf 84' lang='lat' dir='ltr'>sequemur</span> <span class='ocrx_word' id='word_1_12' title='bbox 901 559 1066 620; x_wconf 82' lang='lat' dir='ltr'>testimenia3</span> <span class='ocrx_word' id='word_1_13' title='bbox 1077 557 1110 606; x_wconf 89' lang='lat' dir='ltr'>ut</span> <span class='ocrx_word' id='word_1_14' title='bbox 1128 556 1252 618; x_wconf 73' lang='lat' dir='ltr'>penoris·</span> 
     </span>
    </p>
   </div>
   <div class='ocr_carea' id='block_1_2' title="bbox 145 627 1275 4175">
    <p class='ocr_par' dir='ltr' id='par_1_2' title="bbox 145 627 1275 4175">
     <span class='ocr_line' id='line_1_3' title="bbox 159 627 1275 693; baseline -0.004 -16"><span class='ocrx_word' id='word_1_15' title='bbox 159 644 205 678; x_wconf 88' lang='lat' dir='ltr'>nee</span> <span class='ocrx_word' id='word_1_16' title='bbox 217 632 325 693; x_wconf 83' lang='lat' dir='ltr'>duobus,</span> <span class='ocrx_word' id='word_1_17' title='bbox 337 632 380 680; x_wconf 86' lang='lat' dir='ltr'>aut</span> <span class='ocrx_word' id='word_1_18' title='bbox 390 633 476 692; x_wconf 85' lang='lat' dir='ltr'><strong>paucis</strong></span> <span class='ocrx_word' id='word_1_19' title='bbox 487 634 615 681; x_wconf 82' lang='lat' dir='ltr'>mensibus</span> <span class='ocrx_word' id='word_1_20' title='bbox 626 646 633 676; x_wconf 77' lang='lat' dir='ltr'>r</span> <span class='ocrx_word' id='word_1_21' title='bbox 644 632 688 680; x_wconf 88' lang='lat' dir='ltr'>sed</span> <span class='ocrx_word' id='word_1_22' title='bbox 712 632 833 690; x_wconf 89' lang='lat' dir='ltr'>possimus</span> <span class='ocrx_word' id='word_1_23' title='bbox 847 631 878 676; x_wconf 91' lang='lat' dir='ltr'>ad</span> <span class='ocrx_word' id='word_1_24' title='bbox 890 641 1007 688; x_wconf 73' lang='lat' dir='ltr'>magnum</span> <span class='ocrx_word' id='word_1_25' title='bbox 1018 627 1201 678; x_wconf 81' lang='lat' dir='ltr'>testimonium</span> <span class='ocrx_word' id='word_1_26' title='bbox 1209 628 1251 673; x_wconf 87' lang='lat' dir='ltr'>llo·</span> <span class='ocrx_word' id='word_1_27' title='bbox 1271 656 1275 661; x_wconf 70' lang='lat'><em>=</em></span> 
     </span>
     <span class='ocr_line' id='line_1_4' title="bbox 159 695 1256 760; baseline -0.004 -15"><span class='ocrx_word' id='word_1_28' title='bbox 159 699 279 758; x_wconf 75' lang='lat' dir='ltr'>queritur</span> <span class='ocrx_word' id='word_1_29' title='bbox 290 712 403 760; x_wconf 79' lang='lat' dir='ltr'><strong>semper,</strong></span> <span class='ocrx_word' id='word_1_30' title='bbox 414 702 440 748; x_wconf 87' lang='lat' dir='ltr'>et</span> <span class='ocrx_word' id='word_1_31' title='bbox 450 701 569 760; x_wconf 84' lang='lat' dir='ltr'>quaeritur</span> <span class='ocrx_word' id='word_1_32' title='bbox 579 712 624 759; x_wconf 87' lang='lat' dir='ltr'>per</span> <span class='ocrx_word' id='word_1_33' title='bbox 636 713 689 746; x_wconf 92' lang='lat' dir='ltr'>om·</span> <span class='ocrx_word' id='word_1_34' title='bbox 713 700 809 747; x_wconf 89' lang='lat' dir='ltr'>minum</span> <span class='ocrx_word' id='word_1_35' title='bbox 817 700 909 746; x_wconf 84' lang='lat' dir='ltr'>lesum.</span> <span class='ocrx_word' id='word_1_36' title='bbox 919 697 1021 758; x_wconf 80' lang='lat' dir='ltr'>Oportet</span> <span class='ocrx_word' id='word_1_37' title='bbox 1028 695 1116 743; x_wconf 81' lang='lat' dir='ltr'>etiam</span> <span class='ocrx_word' id='word_1_38' title='bbox 1127 695 1256 759; x_wconf 73' lang='lat' dir='ltr'>utinprn·¹</span> 
     </span>
     <span class='ocr_line' id='line_1_5' title="bbox 158 764 1251 828; baseline -0.003 -16"><span class='ocrx_word' id='word_1_39' title='bbox 158 767 213 825; x_wconf 84' lang='lat' dir='ltr'>nia3</span> <span class='ocrx_word' id='word_1_40' title='bbox 234 768 261 815; x_wconf 93' lang='lat' dir='ltr'>ut</span> <span class='ocrx_word' id='word_1_41' title='bbox 280 769 424 815; x_wconf 87' lang='lat' dir='ltr'>meritorum</span> <span class='ocrx_word' id='word_1_42' title='bbox 443 770 520 815; x_wconf 88' lang='lat' dir='ltr'>mulla</span> <span class='ocrx_word' id='word_1_43' title='bbox 541 770 689 817; x_wconf 79' lang='lat' dir='ltr'>concurrant</span> <span class='ocrx_word' id='word_1_44' title='bbox 713 768 793 826; x_wconf 88' lang='lat' dir='ltr'>ceptis</span> <span class='ocrx_word' id='word_1_45' title='bbox 802 767 901 814; x_wconf 82' lang='lat' dir='ltr'>Domini</span> <span class='ocrx_word' id='word_1_46' title='bbox 918 766 1100 828; x_wconf 65' lang='lat' dir='ltr'>ambulemus3</span> <span class='ocrx_word' id='word_1_47' title='bbox 1120 764 1152 811; x_wconf 82' lang='lat' dir='ltr'>ut</span> <span class='ocrx_word' id='word_1_48' title='bbox 1167 774 1251 823; x_wconf 83' lang='lat' dir='ltr'>perro-</span> 
     </span>
     <span class='ocr_line' id='line_1_6' title="bbox 160 831 1252 895; baseline -0.001 -16"><span class='ocrx_word' id='word_1_49' title='bbox 160 833 288 894; x_wconf 78' lang='lat' dir='ltr'>sultragia3</span> <span class='ocrx_word' id='word_1_50' title='bbox 297 833 336 881; x_wconf 73' lang='grc' dir='ltr'>δια</span> <span class='ocrx_word' id='word_1_51' title='bbox 346 851 425 889; x_wconf 63' lang='lat' dir='ltr'>conoe</span> <span class='ocrx_word' id='word_1_52' title='bbox 436 837 502 883; x_wconf 91' lang='lat' dir='ltr'>enim</span> <span class='ocrx_word' id='word_1_53' title='bbox 510 835 536 883; x_wconf 89' lang='lat' dir='ltr'>et</span> <span class='ocrx_word' id='word_1_54' title='bbox 543 847 614 882; x_wconf 91' lang='lat' dir='ltr'>omno</span> <span class='ocrx_word' id='word_1_55' title='bbox 626 836 688 882; x_wconf 87' lang='lat' dir='ltr'>tem-</span> <span class='ocrx_word' id='word_1_56' title='bbox 712 837 808 883; x_wconf 86' lang='lat' dir='ltr'>niamns</span> <span class='ocrx_word' id='word_1_57' title='bbox 818 836 848 883; x_wconf 85' lang='lat' dir='ltr'>nd</span> <span class='ocrx_word' id='word_1_58' title='bbox 857 847 971 895; x_wconf 70' lang='lat' dir='ltr'>magnum</span> <span class='ocrx_word' id='word_1_59' title='bbox 978 834 1155 893; x_wconf 70' lang='lat' dir='ltr'>preceptum,</span> <span class='ocrx_word' id='word_1_60' title='bbox 1166 831 1198 878; x_wconf 90' lang='lat' dir='ltr'>de</span> <span class='ocrx_word' id='word_1_61' title='bbox 1207 840 1252 891; x_wconf 77' lang='lat' dir='ltr'>quo</span> 
     </span>
     <span class='ocr_line' id='line_1_7' title="bbox 158 900 1251 965; baseline -0.001 -17"><span class='ocrx_word' id='word_1_62' title='bbox 158 914 206 961; x_wconf 90' lang='lat' dir='ltr'>pus</span> <span class='ocrx_word' id='word_1_63' title='bbox 221 904 355 964; x_wconf 74' lang='lat' dir='ltr'>significat,</span> <span class='ocrx_word' id='word_1_64' title='bbox 367 906 392 954; x_wconf 88' lang='lat' dir='ltr'>et</span> <span class='ocrx_word' id='word_1_65' title='bbox 401 916 446 965; x_wconf 87' lang='lat' dir='ltr'>per</span> <span class='ocrx_word' id='word_1_66' title='bbox 455 905 546 952; x_wconf 88' lang='lat' dir='ltr'>omnia.</span> <span class='ocrx_word' id='word_1_67' title='bbox 558 906 617 950; x_wconf 79' lang='lat' dir='ltr'>Cum</span> <span class='ocrx_word' id='word_1_68' title='bbox 628 904 689 950; x_wconf 90' lang='lat' dir='ltr'>dicit</span> <span class='ocrx_word' id='word_1_69' title='bbox 713 905 807 964; x_wconf 75' lang='lat' dir='ltr'>legistis</span> <span class='ocrx_word' id='word_1_70' title='bbox 819 917 825 949; x_wconf 68' lang='grc' dir='ltr'>ι</span> <span class='ocrx_word' id='word_1_71' title='bbox 836 907 930 952; x_wconf 81' lang='lat' dir='ltr'>Dictum</span> <span class='ocrx_word' id='word_1_72' title='bbox 940 904 975 950; x_wconf 78' lang='lat' dir='ltr'>ert</span> <span class='ocrx_word' id='word_1_73' title='bbox 986 902 1100 961; x_wconf 61' lang='lat' dir='ltr'>animuin</span> <span class='ocrx_word' id='word_1_74' title='bbox 1113 901 1190 948; x_wconf 75' lang='lat' dir='ltr'>:lion</span> <span class='ocrx_word' id='word_1_75' title='bbox 1199 900 1251 947; x_wconf 84' lang='lat' dir='ltr'>occi·</span> 
     </span>
     <span class='ocr_line' id='line_1_8' title="bbox 158 968 1250 1034; baseline 0.001 -20"><span class='ocrx_word' id='word_1_76' title='bbox 158 969 235 1029; x_wconf 72' lang='lat' dir='ltr'>igitur</span> <span class='ocrx_word' id='word_1_77' title='bbox 247 985 254 1018; x_wconf 74' lang='grc' dir='ltr'><strong><em>ε</em></strong></span> <span class='ocrx_word' id='word_1_78' title='bbox 264 975 374 1034; x_wconf 74' lang='lat' dir='ltr'>Quorum</span> <span class='ocrx_word' id='word_1_79' title='bbox 384 987 488 1033; x_wconf 82' lang='lat' dir='ltr'>semper,</span> <span class='ocrx_word' id='word_1_80' title='bbox 499 974 553 1019; x_wconf 90' lang='lat' dir='ltr'>sine</span> <span class='ocrx_word' id='word_1_81' title='bbox 568 973 616 1018; x_wconf 85' lang='lat' dir='ltr'>tine</span> <span class='ocrx_word' id='word_1_82' title='bbox 628 972 689 1018; x_wconf 91' lang='lat' dir='ltr'>dicit</span> <span class='ocrx_word' id='word_1_83' title='bbox 712 976 778 1022; x_wconf 85' lang='lat' dir='ltr'>des...</span> <span class='ocrx_word' id='word_1_84' title='bbox 787 976 911 1034; x_wconf 71' lang='lat' dir='ltr'>speculem</span> <span class='ocrx_word' id='word_1_85' title='bbox 918 972 968 1018; x_wconf 87' lang='lat' dir='ltr'>dico</span> <span class='ocrx_word' id='word_1_86' title='bbox 976 970 1060 1029; x_wconf 78' lang='lat' dir='ltr'>oobir,·</span> <span class='ocrx_word' id='word_1_87' title='bbox 1068 970 1121 1015; x_wconf 87' lang='lat' dir='ltr'>hoc</span> <span class='ocrx_word' id='word_1_88' title='bbox 1129 968 1250 1027; x_wconf 56' lang='lat' dir='ltr'>estem</span> 
     </span>
     <span class='ocr_line' id='line_1_9' title="bbox 159 1038 1249 1102; baseline 0.001 -20"><span class='ocrx_word' id='word_1_89' title='bbox 159 1050 212 1086; x_wconf 90' lang='lat' dir='ltr'>esse</span> <span class='ocrx_word' id='word_1_90' title='bbox 222 1041 389 1099; x_wconf 74' lang='lat' dir='ltr'>querendum.</span> <span class='ocrx_word' id='word_1_91' title='bbox 398 1041 447 1088; x_wconf 82' lang='lat' dir='ltr'>Sed</span> <span class='ocrx_word' id='word_1_92' title='bbox 454 1054 502 1087; x_wconf 89' lang='lat' dir='ltr'>non</span> <span class='ocrx_word' id='word_1_93' title='bbox 511 1041 570 1088; x_wconf 90' lang='lat' dir='ltr'>satis</span> <span class='ocrx_word' id='word_1_94' title='bbox 579 1041 616 1088; x_wconf 90' lang='lat' dir='ltr'>est</span> <span class='ocrx_word' id='word_1_95' title='bbox 623 1053 690 1100; x_wconf 79' lang='lat' dir='ltr'>quae·</span> <span class='ocrx_word' id='word_1_96' title='bbox 713 1038 1249 1102; x_wconf 66' lang='lat' dir='ltr'>omnepraeeeptumdicodtaquenonm</span> 
     </span>
     <span class='ocr_line' id='line_1_10' title="bbox 158 1102 1248 1168; baseline -0.001 -17"><span class='ocrx_word' id='word_1_97' title='bbox 158 1116 228 1166; x_wconf 86' lang='lat' dir='ltr'>rere,</span> <span class='ocrx_word' id='word_1_98' title='bbox 240 1108 288 1155; x_wconf 91' lang='lat' dir='ltr'>nisi</span> <span class='ocrx_word' id='word_1_99' title='bbox 304 1109 426 1168; x_wconf 75' lang='lat' dir='ltr'>intelligas</span> <span class='ocrx_word' id='word_1_100' title='bbox 440 1108 505 1168; x_wconf 84' lang='lat' dir='ltr'>quod</span> <span class='ocrx_word' id='word_1_101' title='bbox 517 1108 631 1168; x_wconf 81' lang='lat' dir='ltr'>requiris.</span> <span class='ocrx_word' id='word_1_102' title='bbox 713 1111 806 1168; x_wconf 87' lang='lat' dir='ltr'>patorie</span> <span class='ocrx_word' id='word_1_103' title='bbox 822 1108 941 1166; x_wconf 84' lang='lat' dir='ltr'>dixerim,</span> <span class='ocrx_word' id='word_1_104' title='bbox 953 1106 999 1154; x_wconf 90' lang='lat' dir='ltr'>sed</span> <span class='ocrx_word' id='word_1_105' title='bbox 1014 1117 1097 1163; x_wconf 87' lang='lat' dir='ltr'>vere,</span> <span class='ocrx_word' id='word_1_106' title='bbox 1116 1104 1177 1164; x_wconf 74' lang='lat' dir='ltr'>quia</span> <span class='ocrx_word' id='word_1_107' title='bbox 1192 1102 1248 1151; x_wconf 75' lang='lat' dir='ltr'>sicut</span> 
     </span>
     <span class='ocr_line' id='line_1_11' title="bbox 187 1172 1247 1236; baseline -0.001 -15"><span class='ocrx_word' id='word_1_108' title='bbox 187 1174 227 1221; x_wconf 71' lang='lat'>22.</span> <span class='ocrx_word' id='word_1_109' title='bbox 237 1175 342 1236; x_wconf 90' lang='lat' dir='ltr'>ldeoque</span> <span class='ocrx_word' id='word_1_110' title='bbox 353 1178 388 1223; x_wconf 90' lang='lat' dir='ltr'>ait</span> <span class='ocrx_word' id='word_1_111' title='bbox 400 1190 407 1223; x_wconf 78' lang='lat' dir='ltr'>z</span> <span class='ocrx_word' id='word_1_112' title='bbox 419 1181 459 1225; x_wconf 86' lang='lat' dir='ltr'>Da</span> <span class='ocrx_word' id='word_1_113' title='bbox 469 1178 528 1225; x_wconf 83' lang='lat' dir='ltr'>miti</span> <span class='ocrx_word' id='word_1_114' title='bbox 538 1178 687 1234; x_wconf 82' lang='lat' dir='ltr'>intellectum,</span> <span class='ocrx_word' id='word_1_115' title='bbox 713 1178 771 1224; x_wconf 92' lang='lat' dir='ltr'>sunt</span> <span class='ocrx_word' id='word_1_116' title='bbox 781 1178 863 1224; x_wconf 85' lang='lat' dir='ltr'>sancta</span> <span class='ocrx_word' id='word_1_117' title='bbox 873 1177 1013 1224; x_wconf 89' lang='lat' dir='ltr'>sanctorum</span> <span class='ocrx_word' id='word_1_118' title='bbox 1027 1187 1034 1220; x_wconf 82' lang='lat' dir='ltr'>r</span> <span class='ocrx_word' id='word_1_119' title='bbox 1050 1174 1093 1221; x_wconf 86' lang='lat' dir='ltr'>ita</span> <span class='ocrx_word' id='word_1_120' title='bbox 1104 1172 1247 1234; x_wconf 75' lang='lat' dir='ltr'>praeoepln</span> 
     </span>
     <span class='ocr_line' id='line_1_12' title="bbox 158 1246 948 1306; baseline -0.001 -16"><span class='ocrx_word' id='word_1_121' title='bbox 158 1246 180 1290; x_wconf 87' lang='lat' dir='ltr'>el</span> <span class='ocrx_word' id='word_1_122' title='bbox 190 1246 352 1303; x_wconf 77' lang='lat' dir='ltr'>pecscmtebor</span> <span class='ocrx_word' id='word_1_123' title='bbox 363 1247 434 1306; x_wconf 65' lang='lat' dir='ltr'>lesem</span> <span class='ocrx_word' id='word_1_124' title='bbox 446 1249 520 1302; x_wconf 85' lang='lat' dir='ltr'>tuam,</span> <span class='ocrx_word' id='word_1_125' title='bbox 531 1248 552 1293; x_wconf 89' lang='lat' dir='ltr'>et</span> <span class='ocrx_word' id='word_1_126' title='bbox 561 1247 689 1292; x_wconf 73' lang='lat' dir='ltr'><em>custodiam</em></span> <span class='ocrx_word' id='word_1_127' title='bbox 713 1247 751 1292; x_wconf 86' lang='lat' dir='ltr'>est</span> <span class='ocrx_word' id='word_1_128' title='bbox 762 1246 948 1306; x_wconf 84' lang='lat' dir='ltr'>praeceptorum.</span> 
     </span>
     <span class='ocr_line' id='line_1_13' title="bbox 159 1307 1246 1376; baseline -0.002 -19"><span class='ocrx_word' id='word_1_129' title='bbox 159 1311 224 1357; x_wconf 64' lang='lat' dir='ltr'>Mem</span> <span class='ocrx_word' id='word_1_130' title='bbox 233 1313 258 1358; x_wconf 78' lang='lat' dir='ltr'>in</span> <span class='ocrx_word' id='word_1_131' title='bbox 267 1316 388 1361; x_wconf 82' lang='lat' dir='ltr'>totocorde</span> <span class='ocrx_word' id='word_1_132' title='bbox 396 1327 456 1361; x_wconf 86' lang='lat' dir='ltr'>meo.</span> <span class='ocrx_word' id='word_1_133' title='bbox 465 1313 627 1370; x_wconf 79' lang='lat' dir='ltr'>Quaerendum</span> <span class='ocrx_word' id='word_1_134' title='bbox 639 1312 689 1371; x_wconf 89' lang='lat' dir='ltr'>pri·</span> <span class='ocrx_word' id='word_1_135' title='bbox 736 1314 782 1376; x_wconf 55' lang='grc' dir='ltr'>ΕΛ.</span> <span class='ocrx_word' id='word_1_136' title='bbox 794 1315 842 1362; x_wconf 87' lang='lat' dir='ltr'>Sed</span> <span class='ocrx_word' id='word_1_137' title='bbox 852 1315 880 1360; x_wconf 89' lang='lat' dir='ltr'>ut</span> <span class='ocrx_word' id='word_1_138' title='bbox 891 1313 935 1359; x_wconf 85' lang='lat' dir='ltr'>ista</span> <span class='ocrx_word' id='word_1_139' title='bbox 946 1322 1051 1360; x_wconf 83' lang='lat' dir='ltr'>servare</span> <span class='ocrx_word' id='word_1_140' title='bbox 1062 1308 1204 1370; x_wconf 86' lang='lat' dir='ltr'>possimus,</span> <span class='ocrx_word' id='word_1_141' title='bbox 1212 1307 1246 1355; x_wconf 85' lang='lat' dir='ltr'>lu-</span> 
     </span>
     <span class='ocr_line' id='line_1_14' title="bbox 158 1377 1245 1441; baseline 0 -18"><span class='ocrx_word' id='word_1_142' title='bbox 158 1390 241 1439; x_wconf 84' lang='lat' dir='ltr'>rnum,</span> <span class='ocrx_word' id='word_1_143' title='bbox 261 1381 350 1428; x_wconf 89' lang='lat' dir='ltr'>deinde</span> <span class='ocrx_word' id='word_1_144' title='bbox 370 1382 560 1441; x_wconf 72' lang='lat' dir='ltr'>intelligendum</span> <span class='ocrx_word' id='word_1_145' title='bbox 575 1394 688 1441; x_wconf 89' lang='lat' dir='ltr'>perscru·</span> <span class='ocrx_word' id='word_1_146' title='bbox 712 1382 838 1430; x_wconf 83' lang='lat' dir='ltr'>tellectum</span> <span class='ocrx_word' id='word_1_147' title='bbox 849 1382 984 1440; x_wconf 84' lang='lat' dir='ltr'>petamusn</span> <span class='ocrx_word' id='word_1_148' title='bbox 995 1379 1122 1426; x_wconf 85' lang='lat' dir='ltr'>Domino.</span> <span class='ocrx_word' id='word_1_149' title='bbox 1134 1377 1245 1436; x_wconf 62' lang='lat' dir='ltr'>intellim-</span> 
     </span>
     <span class='ocr_line' id='line_1_15' title="bbox 158 1444 1274 1510; baseline -0.001 -17"><span class='ocrx_word' id='word_1_150' title='bbox 158 1448 308 1508; x_wconf 88' lang='lat' dir='ltr'>tandumque</span> <span class='ocrx_word' id='word_1_151' title='bbox 322 1450 385 1508; x_wconf 79' lang='lat' dir='ltr'>legis</span> <span class='ocrx_word' id='word_1_152' title='bbox 399 1462 472 1496; x_wconf 90' lang='lat' dir='ltr'>omne</span> <span class='ocrx_word' id='word_1_153' title='bbox 487 1449 646 1508; x_wconf 82' lang='lat' dir='ltr'>mysterium,</span> <span class='ocrx_word' id='word_1_154' title='bbox 663 1451 688 1497; x_wconf 90' lang='lat' dir='ltr'>et</span> <span class='ocrx_word' id='word_1_155' title='bbox 712 1463 767 1498; x_wconf 88' lang='lat' dir='ltr'>mus</span> <span class='ocrx_word' id='word_1_156' title='bbox 782 1463 837 1510; x_wconf 84' lang='lat' dir='ltr'>quae</span> <span class='ocrx_word' id='word_1_157' title='bbox 852 1450 884 1497; x_wconf 89' lang='lat' dir='ltr'>sit</span> <span class='ocrx_word' id='word_1_158' title='bbox 899 1446 1073 1496; x_wconf 78' lang='lat' dir='ltr'>circumcisio.</span> <span class='ocrx_word' id='word_1_159' title='bbox 1092 1444 1244 1494; x_wconf 82' lang='lat' dir='ltr'>Circumcidit</span> <span class='ocrx_word' id='word_1_160' title='bbox 1270 1460 1274 1467; x_wconf 94' lang='lat'>·</span> 
     </span>
     <span class='ocr_line' id='line_1_16' title="bbox 158 1515 1243 1578; baseline 0 -17"><span class='ocrx_word' id='word_1_161' title='bbox 158 1515 185 1561; x_wconf 89' lang='lat' dir='ltr'>in</span> <span class='ocrx_word' id='word_1_162' title='bbox 196 1517 269 1562; x_wconf 90' lang='lat' dir='ltr'>corde</span> <span class='ocrx_word' id='word_1_163' title='bbox 280 1518 475 1565; x_wconf 88' lang='lat' dir='ltr'>custodiendum.</span> <span class='ocrx_word' id='word_1_164' title='bbox 483 1517 544 1575; x_wconf 84' lang='lat' dir='ltr'>Quis</span> <span class='ocrx_word' id='word_1_165' title='bbox 554 1517 635 1564; x_wconf 85' lang='lat' dir='ltr'>autem</span> <span class='ocrx_word' id='word_1_166' title='bbox 645 1529 688 1576; x_wconf 92' lang='lat' dir='ltr'>po·</span> <span class='ocrx_word' id='word_1_167' title='bbox 711 1519 781 1565; x_wconf 89' lang='lat' dir='ltr'>Jesus</span> <span class='ocrx_word' id='word_1_168' title='bbox 790 1517 895 1578; x_wconf 78' lang='lat' dir='ltr'>petrinis</span> <span class='ocrx_word' id='word_1_169' title='bbox 904 1516 1002 1576; x_wconf 77' lang='lat' dir='ltr'>gladiis,</span> <span class='ocrx_word' id='word_1_170' title='bbox 1011 1516 1039 1562; x_wconf 89' lang='lat' dir='ltr'>et</span> <span class='ocrx_word' id='word_1_171' title='bbox 1049 1515 1243 1573; x_wconf 86' lang='lat' dir='ltr'>abstulitoppro·</span> 
     </span>
     <span class='ocr_line' id='line_1_17' title="bbox 158 1582 1270 1646; baseline 0.001 -17"><span class='ocrx_word' id='word_1_172' title='bbox 158 1583 206 1630; x_wconf 89' lang='lat' dir='ltr'>test</span> <span class='ocrx_word' id='word_1_173' title='bbox 221 1585 344 1632; x_wconf 88' lang='lat' dir='ltr'>custodire</span> <span class='ocrx_word' id='word_1_174' title='bbox 355 1587 436 1646; x_wconf 76' lang='lat' dir='ltr'>legem</span> <span class='ocrx_word' id='word_1_175' title='bbox 447 1586 507 1645; x_wconf 90' lang='lat' dir='ltr'>Dei,</span> <span class='ocrx_word' id='word_1_176' title='bbox 516 1587 562 1632; x_wconf 91' lang='lat' dir='ltr'>nisi</span> <span class='ocrx_word' id='word_1_177' title='bbox 574 1585 687 1634; x_wconf 89' lang='lat' dir='ltr'>intellec·</span> <span class='ocrx_word' id='word_1_178' title='bbox 711 1587 792 1634; x_wconf 87' lang='lat' dir='ltr'>hrium</span> <span class='ocrx_word' id='word_1_179' title='bbox 803 1582 1243 1646; x_wconf 74' lang='lat' dir='ltr'>AEgyptiasrliislsrael.1’etra(lluir·</span> <span class='ocrx_word' id='word_1_180' title='bbox 1263 1620 1270 1629; x_wconf 80' lang='grc'><strong>.</strong></span> 
     </span>
     <span class='ocr_line' id='line_1_18' title="bbox 158 1646 1243 1712; baseline -0.002 -15"><span class='ocrx_word' id='word_1_181' title='bbox 158 1654 212 1697; x_wconf 89' lang='lat' dir='ltr'>tum</span> <span class='ocrx_word' id='word_1_182' title='bbox 222 1652 363 1712; x_wconf 75' lang='lat' dir='ltr'>acceperit?</span> <span class='ocrx_word' id='word_1_183' title='bbox 376 1654 423 1711; x_wconf 79' lang='lat' dir='ltr'>Qui</span> <span class='ocrx_word' id='word_1_184' title='bbox 436 1654 518 1701; x_wconf 88' lang='lat' dir='ltr'>autem</span> <span class='ocrx_word' id='word_1_185' title='bbox 530 1653 649 1712; x_wconf 77' lang='lat' dir='ltr'>intelligit</span> <span class='ocrx_word' id='word_1_186' title='bbox 661 1655 687 1701; x_wconf 92' lang='lat' dir='ltr'>et</span> <span class='ocrx_word' id='word_1_187' title='bbox 711 1655 751 1701; x_wconf 90' lang='lat' dir='ltr'>tus</span> <span class='ocrx_word' id='word_1_188' title='bbox 762 1653 807 1701; x_wconf 89' lang='lat' dir='ltr'>est.</span> <span class='ocrx_word' id='word_1_189' title='bbox 818 1652 980 1701; x_wconf 78' lang='lat' dir='ltr'>circumcidat</span> <span class='ocrx_word' id='word_1_190' title='bbox 988 1652 1016 1699; x_wconf 89' lang='lat' dir='ltr'>te</span> <span class='ocrx_word' id='word_1_191' title='bbox 1024 1652 1147 1698; x_wconf 84' lang='lat' dir='ltr'>Verbum</span> <span class='ocrx_word' id='word_1_192' title='bbox 1156 1646 1243 1707; x_wconf 65' lang='lat' dir='ltr'>nme</span> 
     </span>
     <span class='ocr_line' id='line_1_19' title="bbox 157 1713 1241 1779; baseline 0.001 -16"><span class='ocrx_word' id='word_1_193' title='bbox 157 1719 296 1779; x_wconf 88' lang='lat' dir='ltr'>scrutatur,</span> <span class='ocrx_word' id='word_1_194' title='bbox 309 1720 438 1768; x_wconf 89' lang='lat' dir='ltr'>scrutando</span> <span class='ocrx_word' id='word_1_195' title='bbox 457 1723 483 1767; x_wconf 91' lang='lat' dir='ltr'>in</span> <span class='ocrx_word' id='word_1_196' title='bbox 495 1720 606 1768; x_wconf 80' lang='lat' dir='ltr'>semitam</span> <span class='ocrx_word' id='word_1_197' title='bbox 620 1734 688 1768; x_wconf 85' lang='lat' dir='ltr'>man·</span> <span class='ocrx_word' id='word_1_198' title='bbox 711 1721 804 1778; x_wconf 76' lang='lat' dir='ltr'>gladius</span> <span class='ocrx_word' id='word_1_199' title='bbox 816 1721 864 1769; x_wconf 89' lang='lat' dir='ltr'>oris</span> <span class='ocrx_word' id='word_1_200' title='bbox 875 1721 928 1779; x_wconf 80' lang='lat' dir='ltr'>eius</span> <span class='ocrx_word' id='word_1_201' title='bbox 939 1733 946 1778; x_wconf 93' lang='lat'>;</span> <span class='ocrx_word' id='word_1_202' title='bbox 956 1720 982 1766; x_wconf 89' lang='lat' dir='ltr'>et</span> <span class='ocrx_word' id='word_1_203' title='bbox 993 1719 1032 1765; x_wconf 88' lang='lat' dir='ltr'>sie</span> <span class='ocrx_word' id='word_1_204' title='bbox 1043 1718 1150 1778; x_wconf 67' lang='lat' dir='ltr'>egypti</span> <span class='ocrx_word' id='word_1_205' title='bbox 1160 1713 1241 1764; x_wconf 72' lang='lat' dir='ltr'>corello</span> 
     </span>
     <span class='ocr_line' id='line_1_20' title="bbox 159 1785 1240 1850; baseline -0.001 -18"><span class='ocrx_word' id='word_1_206' title='bbox 159 1786 270 1834; x_wconf 87' lang='lat' dir='ltr'>datorum</span> <span class='ocrx_word' id='word_1_207' title='bbox 281 1789 420 1837; x_wconf 89' lang='lat' dir='ltr'>deducitur.</span> <span class='ocrx_word' id='word_1_208' title='bbox 433 1790 461 1836; x_wconf 89' lang='lat' dir='ltr'>ln</span> <span class='ocrx_word' id='word_1_209' title='bbox 471 1801 518 1850; x_wconf 86' lang='lat' dir='ltr'>quo</span> <span class='ocrx_word' id='word_1_210' title='bbox 530 1789 592 1836; x_wconf 92' lang='lat' dir='ltr'>illud</span> <span class='ocrx_word' id='word_1_211' title='bbox 600 1789 687 1837; x_wconf 88' lang='lat' dir='ltr'>adver·</span> <span class='ocrx_word' id='word_1_212' title='bbox 711 1789 849 1848; x_wconf 86' lang='lat' dir='ltr'>opprobrio.</span> <span class='ocrx_word' id='word_1_213' title='bbox 861 1791 912 1836; x_wconf 81' lang='lat' dir='ltr'>lton</span> <span class='ocrx_word' id='word_1_214' title='bbox 922 1789 1001 1847; x_wconf 72' lang='lat' dir='ltr'>igitur</span> <span class='ocrx_word' id='word_1_215' title='bbox 1009 1787 1142 1846; x_wconf 81' lang='lat' dir='ltr'>eorporis,</span> <span class='ocrx_word' id='word_1_216' title='bbox 1152 1785 1240 1834; x_wconf 58' lang='lat' dir='ltr'>seelcuh</span> 
     </span>
     <span class='ocr_line' id='line_1_21' title="bbox 158 1852 1240 1917; baseline 0 -18"><span class='ocrx_word' id='word_1_217' title='bbox 158 1853 259 1900; x_wconf 91' lang='lat' dir='ltr'>tendum</span> <span class='ocrx_word' id='word_1_218' title='bbox 275 1857 334 1915; x_wconf 84' lang='lat' dir='ltr'>quia</span> <span class='ocrx_word' id='word_1_219' title='bbox 351 1858 394 1905; x_wconf 88' lang='lat' dir='ltr'>lex</span> <span class='ocrx_word' id='word_1_220' title='bbox 412 1859 449 1905; x_wconf 92' lang='lat' dir='ltr'>est</span> <span class='ocrx_word' id='word_1_221' title='bbox 464 1857 574 1916; x_wconf 77' lang='lat' dir='ltr'>lustitia,</span> <span class='ocrx_word' id='word_1_222' title='bbox 586 1858 687 1904; x_wconf 88' lang='lat' dir='ltr'>manda·</span> <span class='ocrx_word' id='word_1_223' title='bbox 711 1857 749 1903; x_wconf 90' lang='lat' dir='ltr'>dis</span> <span class='ocrx_word' id='word_1_224' title='bbox 759 1858 919 1917; x_wconf 75' lang='lat' dir='ltr'>intelligenda</span> <span class='ocrx_word' id='word_1_225' title='bbox 931 1857 969 1904; x_wconf 90' lang='lat' dir='ltr'>est</span> <span class='ocrx_word' id='word_1_226' title='bbox 979 1854 1160 1903; x_wconf 88' lang='lat' dir='ltr'>circumcisio.</span> <span class='ocrx_word' id='word_1_227' title='bbox 1173 1853 1197 1900; x_wconf 85' lang='lat' dir='ltr'>Si</span> <span class='ocrx_word' id='word_1_228' title='bbox 1208 1852 1240 1899; x_wconf 80' lang='lat' dir='ltr'>ir-</span> 
     </span>
     <span class='ocr_line' id='line_1_22' title="bbox 157 1919 1240 1986; baseline 0.004 -19"><span class='ocrx_word' id='word_1_229' title='bbox 157 1923 210 1968; x_wconf 91' lang='lat' dir='ltr'>tum</span> <span class='ocrx_word' id='word_1_230' title='bbox 219 1922 355 1983; x_wconf 85' lang='lat' dir='ltr'>judicium,</span> <span class='ocrx_word' id='word_1_231' title='bbox 371 1926 436 1973; x_wconf 87' lang='lat' dir='ltr'>sicut</span> <span class='ocrx_word' id='word_1_232' title='bbox 451 1927 477 1972; x_wconf 88' lang='lat' dir='ltr'>et</span> <span class='ocrx_word' id='word_1_233' title='bbox 494 1925 521 1971; x_wconf 93' lang='lat' dir='ltr'>in</span> <span class='ocrx_word' id='word_1_234' title='bbox 539 1925 584 1971; x_wconf 85' lang='lat' dir='ltr'>hac</span> <span class='ocrx_word' id='word_1_235' title='bbox 604 1925 686 1972; x_wconf 87' lang='lat' dir='ltr'>littera</span> <span class='ocrx_word' id='word_1_236' title='bbox 710 1925 943 1986; x_wconf 69' lang='lat' dir='ltr'>tellexerislegem</span> <span class='ocrx_word' id='word_1_237' title='bbox 951 1925 1067 1972; x_wconf 87' lang='lat' dir='ltr'>servabis</span> <span class='ocrx_word' id='word_1_238' title='bbox 1077 1919 1240 1971; x_wconf 81' lang='lat' dir='ltr'>eaminoorlo</span> 
     </span>
     <span class='ocr_line' id='line_1_23' title="bbox 157 1990 1238 2052; baseline 0.003 -16"><span class='ocrx_word' id='word_1_239' title='bbox 157 1990 270 2049; x_wconf 75' lang='lat' dir='ltr'>legimus.</span> <span class='ocrx_word' id='word_1_240' title='bbox 282 1993 323 2041; x_wconf 84' lang='lat' dir='ltr'>Est</span> <span class='ocrx_word' id='word_1_241' title='bbox 335 1994 405 2052; x_wconf 75' lang='lat' dir='ltr'>Legis</span> <span class='ocrx_word' id='word_1_242' title='bbox 415 1993 456 2041; x_wconf 88' lang='lat' dir='ltr'>via</span> <span class='ocrx_word' id='word_1_243' title='bbox 467 1994 530 2040; x_wconf 89' lang='lat' dir='ltr'>stare</span> <span class='ocrx_word' id='word_1_244' title='bbox 541 1993 567 2039; x_wconf 91' lang='lat' dir='ltr'>in</span> <span class='ocrx_word' id='word_1_245' title='bbox 577 1993 625 2040; x_wconf 88' lang='lat' dir='ltr'>viis</span> <span class='ocrx_word' id='word_1_246' title='bbox 639 1995 685 2040; x_wconf 90' lang='lat' dir='ltr'>Lc-</span> <span class='ocrx_word' id='word_1_247' title='bbox 710 1995 761 2040; x_wconf 88' lang='lat' dir='ltr'>tuo.</span> <span class='ocrx_word' id='word_1_248' title='bbox 770 1994 867 2041; x_wconf 84' lang='lat' dir='ltr'>Judaeus</span> <span class='ocrx_word' id='word_1_249' title='bbox 876 1992 980 2041; x_wconf 81' lang='lat' dir='ltr'>incende</span> <span class='ocrx_word' id='word_1_250' title='bbox 989 1994 1089 2052; x_wconf 74' lang='lat' dir='ltr'>Legem</span> <span class='ocrx_word' id='word_1_251' title='bbox 1096 2004 1151 2039; x_wconf 89' lang='lat' dir='ltr'>non</span> <span class='ocrx_word' id='word_1_252' title='bbox 1157 1990 1238 2039; x_wconf 60' lang='lat' dir='ltr'>serm&amp;</span> 
     </span>
     <span class='ocr_line' id='line_1_24' title="bbox 157 2059 1243 2122; baseline 0.003 -18"><span class='ocrx_word' id='word_1_253' title='bbox 157 2059 194 2118; x_wconf 71' lang='lat' dir='ltr'>pis</span> <span class='ocrx_word' id='word_1_254' title='bbox 206 2073 213 2104; x_wconf 71' lang='grc' dir='ltr'><strong><em>τ</em></strong></span> <span class='ocrx_word' id='word_1_255' title='bbox 225 2060 262 2106; x_wconf 88' lang='lat' dir='ltr'>est</span> <span class='ocrx_word' id='word_1_256' title='bbox 275 2064 316 2109; x_wconf 89' lang='lat' dir='ltr'>via</span> <span class='ocrx_word' id='word_1_257' title='bbox 325 2063 475 2121; x_wconf 77' lang='lat' dir='ltr'>iustitiamm</span> <span class='ocrx_word' id='word_1_258' title='bbox 492 2062 625 2109; x_wconf 89' lang='lat' dir='ltr'>secundum</span> <span class='ocrx_word' id='word_1_259' title='bbox 636 2063 686 2122; x_wconf 91' lang='lat' dir='ltr'>pri·</span> <span class='ocrx_word' id='word_1_260' title='bbox 709 2062 752 2108; x_wconf 87' lang='lat' dir='ltr'>sed</span> <span class='ocrx_word' id='word_1_261' title='bbox 763 2062 790 2108; x_wconf 92' lang='lat' dir='ltr'>in</span> <span class='ocrx_word' id='word_1_262' title='bbox 800 2060 873 2108; x_wconf 84' lang='lat' dir='ltr'>labiis</span> <span class='ocrx_word' id='word_1_263' title='bbox 888 2063 978 2120; x_wconf 75' lang='lat' dir='ltr'>Legem</span> <span class='ocrx_word' id='word_1_264' title='bbox 989 2061 1104 2121; x_wconf 84' lang='lat' dir='ltr'>recitat,</span> <span class='ocrx_word' id='word_1_265' title='bbox 1121 2062 1150 2107; x_wconf 87' lang='lat' dir='ltr'>et</span> <span class='ocrx_word' id='word_1_266' title='bbox 1163 2061 1243 2118; x_wconf 69' lang='lat' dir='ltr'>Lern</span> 
     </span>
     <span class='ocr_line' id='line_1_25' title="bbox 157 2125 1243 2189; baseline -0.001 -11"><span class='ocrx_word' id='word_1_267' title='bbox 157 2144 224 2179; x_wconf 92' lang='lat' dir='ltr'>mum</span> <span class='ocrx_word' id='word_1_268' title='bbox 234 2132 394 2181; x_wconf 90' lang='lat' dir='ltr'>versiculum.</span> <span class='ocrx_word' id='word_1_269' title='bbox 406 2131 448 2177; x_wconf 86' lang='lat' dir='ltr'>Est</span> <span class='ocrx_word' id='word_1_270' title='bbox 460 2142 517 2188; x_wconf 77' lang='lat' dir='ltr'>ergo</span> <span class='ocrx_word' id='word_1_271' title='bbox 532 2131 557 2177; x_wconf 86' lang='lat' dir='ltr'>et</span> <span class='ocrx_word' id='word_1_272' title='bbox 574 2130 686 2177; x_wconf 87' lang='lat' dir='ltr'>testimo-</span> <span class='ocrx_word' id='word_1_273' title='bbox 709 2128 812 2188; x_wconf 78' lang='lat' dir='ltr'>ignorat.</span> <span class='ocrx_word' id='word_1_274' title='bbox 824 2130 950 2189; x_wconf 86' lang='lat' dir='ltr'>Denique,</span> <span class='ocrx_word' id='word_1_275' title='bbox 961 2130 1071 2189; x_wconf 79' lang='lat' dir='ltr'>Populus</span> <span class='ocrx_word' id='word_1_276' title='bbox 1088 2130 1145 2187; x_wconf 77' lang='lat' dir='ltr'>iiic,</span> <span class='ocrx_word' id='word_1_277' title='bbox 1155 2125 1243 2188; x_wconf 70' lang='lat' dir='ltr'>ineptit,¹</span> 
     </span>
     <span class='ocr_line' id='line_1_26' title="bbox 156 2197 1239 2255; baseline -0.004 -8"><span class='ocrx_word' id='word_1_278' title='bbox 156 2201 254 2248; x_wconf 88' lang='lat' dir='ltr'>niornm</span> <span class='ocrx_word' id='word_1_279' title='bbox 266 2200 307 2250; x_wconf 89' lang='lat' dir='ltr'>via</span> <span class='ocrx_word' id='word_1_280' title='bbox 319 2213 325 2246; x_wconf 91' lang='lat'><strong>:</strong></span> <span class='ocrx_word' id='word_1_281' title='bbox 339 2203 368 2247; x_wconf 83' lang='lat' dir='ltr'>le</span> <span class='ocrx_word' id='word_1_282' title='bbox 383 2201 422 2246; x_wconf 88' lang='lat' dir='ltr'>vic</span> <span class='ocrx_word' id='word_1_283' title='bbox 434 2200 619 2246; x_wconf 81' lang='lat' dir='ltr'>testimoniorum</span> <span class='ocrx_word' id='word_1_284' title='bbox 633 2201 686 2246; x_wconf 84' lang='lat' dir='ltr'>teo-</span> <span class='ocrx_word' id='word_1_285' title='bbox 709 2198 776 2246; x_wconf 83' lang='lat' dir='ltr'>lobiis</span> <span class='ocrx_word' id='word_1_286' title='bbox 785 2199 1086 2245; x_wconf 71' lang='lat' dir='ltr'>metooorctccoreetcm</span> <span class='ocrx_word' id='word_1_287' title='bbox 1094 2197 1239 2255; x_wconf 66' lang='lat' dir='ltr'>mulceor</span> 
     </span>
     <span class='ocr_line' id='line_1_27' title="bbox 156 2263 1242 2325; baseline -0.005 -10"><span class='ocrx_word' id='word_1_288' title='bbox 156 2282 211 2316; x_wconf 82' lang='lat' dir='ltr'>rum</span> <span class='ocrx_word' id='word_1_289' title='bbox 220 2269 358 2317; x_wconf 80' lang='lat' dir='ltr'>delectabor.</span> <span class='ocrx_word' id='word_1_290' title='bbox 367 2269 408 2315; x_wconf 84' lang='lat' dir='ltr'>Est</span> <span class='ocrx_word' id='word_1_291' title='bbox 415 2267 440 2314; x_wconf 92' lang='lat' dir='ltr'>et</span> <span class='ocrx_word' id='word_1_292' title='bbox 451 2267 683 2314; x_wconf 84' lang='lat' dir='ltr'>viamandatorum:</span> <span class='ocrx_word' id='word_1_293' title='bbox 709 2269 742 2314; x_wconf 85' lang='lat' dir='ltr'>est</span> <span class='ocrx_word' id='word_1_294' title='bbox 758 2281 773 2314; x_wconf 90' lang='lat' dir='ltr'><strong><em>a</em></strong></span> <span class='ocrx_word' id='word_1_295' title='bbox 789 2280 835 2314; x_wconf 87' lang='lat' dir='ltr'>me.</span> <span class='ocrx_word' id='word_1_296' title='bbox 847 2265 972 2324; x_wconf 79' lang='lat' dir='ltr'>Quomodo</span> <span class='ocrx_word' id='word_1_297' title='bbox 991 2265 1081 2324; x_wconf 84' lang='lat' dir='ltr'>potest</span> <span class='ocrx_word' id='word_1_298' title='bbox 1102 2267 1196 2325; x_wconf 69' lang='lat' dir='ltr'>Legem</span> <span class='ocrx_word' id='word_1_299' title='bbox 1209 2263 1242 2310; x_wconf 53' lang='lat' dir='ltr'>tc*</span> 
     </span>
     <span class='ocr_line' id='line_1_28' title="bbox 158 2326 1239 2396; baseline -0.007 -11"><span class='ocrx_word' id='word_1_300' title='bbox 158 2339 229 2385; x_wconf 83' lang='lat' dir='ltr'>Viam</span> <span class='ocrx_word' id='word_1_301' title='bbox 240 2340 406 2386; x_wconf 83' lang='lat' dir='ltr'>mandaterum</span> <span class='ocrx_word' id='word_1_302' title='bbox 422 2340 517 2383; x_wconf 75' lang='lat' dir='ltr'>tuocum</span> <span class='ocrx_word' id='word_1_303' title='bbox 533 2338 634 2382; x_wconf 72' lang='lat' dir='ltr'>neerei.</span> <span class='ocrx_word' id='word_1_304' title='bbox 644 2338 685 2382; x_wconf 93' lang='lat' dir='ltr'>ln·</span> <span class='ocrx_word' id='word_1_305' title='bbox 708 2347 784 2394; x_wconf 89' lang='lat' dir='ltr'>nere,</span> <span class='ocrx_word' id='word_1_306' title='bbox 796 2336 838 2396; x_wconf 85' lang='lat' dir='ltr'>qui</span> <span class='ocrx_word' id='word_1_307' title='bbox 856 2337 927 2395; x_wconf 80' lang='lat' dir='ltr'>longe</span> <span class='ocrx_word' id='word_1_308' title='bbox 944 2335 982 2381; x_wconf 88' lang='lat' dir='ltr'>est</span> <span class='ocrx_word' id='word_1_309' title='bbox 1001 2346 1016 2380; x_wconf 83' lang='lat' dir='ltr'>n</span> <span class='ocrx_word' id='word_1_310' title='bbox 1034 2335 1115 2394; x_wconf 70' lang='lat' dir='ltr'>Legis</span> <span class='ocrx_word' id='word_1_311' title='bbox 1133 2326 1239 2381; x_wconf 78' lang='lat' dir='ltr'>auctorol</span> 
     </span>
     <span class='ocr_line' id='line_1_29' title="bbox 155 2399 1240 2465; baseline 0.001 -14"><span class='ocrx_word' id='word_1_312' title='bbox 155 2407 305 2465; x_wconf 60' lang='lat' dir='ltr'>terreremus</span> <span class='ocrx_word' id='word_1_313' title='bbox 326 2416 384 2462; x_wconf 81' lang='lat' dir='ltr'>ergo</span> <span class='ocrx_word' id='word_1_314' title='bbox 404 2403 447 2448; x_wconf 87' lang='lat' dir='ltr'>has</span> <span class='ocrx_word' id='word_1_315' title='bbox 459 2403 528 2460; x_wconf 88' lang='lat' dir='ltr'>vias,</span> <span class='ocrx_word' id='word_1_316' title='bbox 542 2403 570 2449; x_wconf 92' lang='lat' dir='ltr'>ut</span> <span class='ocrx_word' id='word_1_317' title='bbox 587 2403 685 2450; x_wconf 88' lang='lat' dir='ltr'>dicatur</span> <span class='ocrx_word' id='word_1_318' title='bbox 708 2404 805 2452; x_wconf 84' lang='lat' dir='ltr'>Tertius</span> <span class='ocrx_word' id='word_1_319' title='bbox 818 2404 954 2452; x_wconf 82' lang='lat' dir='ltr'>versiculus</span> <span class='ocrx_word' id='word_1_320' title='bbox 967 2402 1033 2463; x_wconf 90' lang='lat' dir='ltr'>quid</span> <span class='ocrx_word' id='word_1_321' title='bbox 1045 2402 1161 2463; x_wconf 78' lang='lat' dir='ltr'>haheat,</span> <span class='ocrx_word' id='word_1_322' title='bbox 1171 2399 1240 2451; x_wconf 68' lang='lat' dir='ltr'>cond·</span> 
     </span>
     <span class='ocr_line' id='line_1_30' title="bbox 156 2472 831 2530; baseline 0.001 -12"><span class='ocrx_word' id='word_1_323' title='bbox 156 2473 226 2520; x_wconf 90' lang='lat' dir='ltr'>nobis</span> <span class='ocrx_word' id='word_1_324' title='bbox 239 2486 246 2519; x_wconf 75' lang='grc' dir='ltr'><strong><em>ε</em></strong></span> <span class='ocrx_word' id='word_1_325' title='bbox 258 2475 322 2520; x_wconf 84' lang='lat' dir='ltr'>state</span> <span class='ocrx_word' id='word_1_326' title='bbox 333 2474 358 2519; x_wconf 82' lang='lat' dir='ltr'>iu</span> <span class='ocrx_word' id='word_1_327' title='bbox 367 2472 411 2518; x_wconf 85' lang='lat' dir='ltr'>viis</span> <span class='ocrx_word' id='word_1_328' title='bbox 419 2472 486 2529; x_wconf 74' lang='lat' dir='ltr'>Lepte</span> <span class='ocrx_word' id='word_1_329' title='bbox 494 2502 502 2526; x_wconf 92' lang='lat'>,</span> <span class='ocrx_word' id='word_1_330' title='bbox 511 2473 532 2517; x_wconf 86' lang='lat' dir='ltr'>et</span> <span class='ocrx_word' id='word_1_331' title='bbox 543 2472 684 2530; x_wconf 74' lang='lat' dir='ltr'>interropete</span> <span class='ocrx_word' id='word_1_332' title='bbox 709 2472 831 2519; x_wconf 89' lang='lat' dir='ltr'>deremus.</span> 
     </span>
     <span class='ocr_line' id='line_1_31' title="bbox 145 2540 1240 2596; baseline 0.003 -9"><span class='ocrx_word' id='word_1_333' title='bbox 145 2543 249 2588; x_wconf 71' lang='lat' dir='ltr'>cernitar</span> <span class='ocrx_word' id='word_1_334' title='bbox 266 2543 365 2587; x_wconf 78' lang='lat' dir='ltr'>eternas</span> <span class='ocrx_word' id='word_1_335' title='bbox 372 2571 380 2595; x_wconf 93' lang='lat'>‚</span> <span class='ocrx_word' id='word_1_336' title='bbox 392 2542 414 2585; x_wconf 86' lang='lat' dir='ltr'>ct</span> <span class='ocrx_word' id='word_1_337' title='bbox 432 2541 504 2585; x_wconf 83' lang='lat' dir='ltr'>videte</span> <span class='ocrx_word' id='word_1_338' title='bbox 521 2551 572 2596; x_wconf 77' lang='lat' dir='ltr'>ouoe</span> <span class='ocrx_word' id='word_1_339' title='bbox 584 2540 623 2585; x_wconf 86' lang='lat' dir='ltr'>oie</span> <span class='ocrx_word' id='word_1_340' title='bbox 634 2553 683 2585; x_wconf 86' lang='lat' dir='ltr'>me·</span> <span class='ocrx_word' id='word_1_341' title='bbox 738 2541 909 2589; x_wconf 69' lang='lat' dir='ltr'>cuneumve</span> <span class='ocrx_word' id='word_1_342' title='bbox 920 2543 1067 2590; x_wconf 74' lang='lat' dir='ltr'>incendam</span> <span class='ocrx_word' id='word_1_343' title='bbox 1075 2543 1240 2590; x_wconf 70' lang='lat' dir='ltr'>mandatore!</span> 
     </span>
     <span class='ocr_line' id='line_1_32' title="bbox 155 2605 1239 2670; baseline 0.001 -17"><span class='ocrx_word' id='word_1_344' title='bbox 155 2609 211 2664; x_wconf 88' lang='lat' dir='ltr'>lior,</span> <span class='ocrx_word' id='word_1_345' title='bbox 221 2607 397 2654; x_wconf 79' lang='lat' dir='ltr'>elembulotcin</span> <span class='ocrx_word' id='word_1_346' title='bbox 406 2606 508 2651; x_wconf 75' lang='lat' dir='ltr'>cendum</span> <span class='ocrx_word' id='word_1_347' title='bbox 517 2605 684 2663; x_wconf 76' lang='lat' dir='ltr'>omneslgitur</span> <span class='ocrx_word' id='word_1_348' title='bbox 709 2611 816 2670; x_wconf 75' lang='lat' dir='ltr'>tuerem3</span> <span class='ocrx_word' id='word_1_349' title='bbox 831 2613 943 2670; x_wconf 76' lang='lat' dir='ltr'>quoniam</span> <span class='ocrx_word' id='word_1_350' title='bbox 958 2611 1024 2658; x_wconf 81' lang='lat' dir='ltr'>volui</span> <span class='ocrx_word' id='word_1_351' title='bbox 1041 2625 1110 2658; x_wconf 87' lang='lat' dir='ltr'>eam.</span> <span class='ocrx_word' id='word_1_352' title='bbox 1128 2609 1190 2669; x_wconf 85' lang='lat' dir='ltr'>Quis</span> <span class='ocrx_word' id='word_1_353' title='bbox 1202 2609 1239 2655; x_wconf 82' lang='lat' dir='ltr'>loc</span> 
     </span>
     <span class='ocr_line' id='line_1_33' title="bbox 155 2672 1240 2739; baseline 0.004 -21"><span class='ocrx_word' id='word_1_354' title='bbox 155 2672 362 2720; x_wconf 83' lang='lat' dir='ltr'>ambulaverimus</span> <span class='ocrx_word' id='word_1_355' title='bbox 374 2673 440 2730; x_wconf 84' lang='lat' dir='ltr'>vias,</span> <span class='ocrx_word' id='word_1_356' title='bbox 452 2672 581 2718; x_wconf 86' lang='lat' dir='ltr'>veniemus</span> <span class='ocrx_word' id='word_1_357' title='bbox 593 2674 619 2718; x_wconf 89' lang='lat' dir='ltr'>in</span> <span class='ocrx_word' id='word_1_358' title='bbox 631 2686 683 2721; x_wconf 91' lang='lat' dir='ltr'>orn·</span> <span class='ocrx_word' id='word_1_359' title='bbox 708 2676 782 2736; x_wconf 81' lang='lat' dir='ltr'>dicit,</span> <span class='ocrx_word' id='word_1_360' title='bbox 794 2679 842 2724; x_wconf 86' lang='lat' dir='ltr'>nisi</span> <span class='ocrx_word' id='word_1_361' title='bbox 853 2680 895 2738; x_wconf 88' lang='lat' dir='ltr'>qui</span> <span class='ocrx_word' id='word_1_362' title='bbox 909 2679 1023 2739; x_wconf 91' lang='lat' dir='ltr'>sequitur</span> <span class='ocrx_word' id='word_1_363' title='bbox 1036 2678 1187 2726; x_wconf 75' lang='lat' dir='ltr'>Christum?</span> <span class='ocrx_word' id='word_1_364' title='bbox 1197 2677 1240 2724; x_wconf 84' lang='lat' dir='ltr'>lton</span> 
     </span>
     <span class='ocr_line' id='line_1_34' title="bbox 155 2739 1240 2807; baseline 0.003 -20"><span class='ocrx_word' id='word_1_365' title='bbox 155 2742 225 2787; x_wconf 90' lang='lat' dir='ltr'>nium</span> <span class='ocrx_word' id='word_1_366' title='bbox 236 2742 310 2786; x_wconf 82' lang='lat' dir='ltr'>sineru</span> <span class='ocrx_word' id='word_1_367' title='bbox 320 2741 433 2799; x_wconf 86' lang='lat' dir='ltr'>viarum,</span> <span class='ocrx_word' id='word_1_368' title='bbox 445 2740 488 2800; x_wconf 88' lang='lat' dir='ltr'>qui</span> <span class='ocrx_word' id='word_1_369' title='bbox 504 2739 539 2786; x_wconf 89' lang='lat' dir='ltr'>ait</span> <span class='ocrx_word' id='word_1_370' title='bbox 550 2753 556 2785; x_wconf 75' lang='grc' dir='ltr'><strong>ε</strong></span> <span class='ocrx_word' id='word_1_371' title='bbox 570 2743 620 2800; x_wconf 81' lang='lat' dir='ltr'>Epo</span> <span class='ocrx_word' id='word_1_372' title='bbox 631 2756 683 2788; x_wconf 84' lang='lat' dir='ltr'>sum</span> <span class='ocrx_word' id='word_1_373' title='bbox 707 2747 788 2803; x_wconf 91' lang='lat' dir='ltr'>potest</span> <span class='ocrx_word' id='word_1_374' title='bbox 799 2747 861 2794; x_wconf 90' lang='lat' dir='ltr'>alius</span> <span class='ocrx_word' id='word_1_375' title='bbox 874 2749 919 2794; x_wconf 90' lang='lat' dir='ltr'>hoe</span> <span class='ocrx_word' id='word_1_376' title='bbox 934 2747 1033 2806; x_wconf 89' lang='lat' dir='ltr'>dicere,</span> <span class='ocrx_word' id='word_1_377' title='bbox 1051 2748 1105 2795; x_wconf 89' lang='lat' dir='ltr'>nisi</span> <span class='ocrx_word' id='word_1_378' title='bbox 1123 2748 1169 2807; x_wconf 85' lang='lat' dir='ltr'>qui</span> <span class='ocrx_word' id='word_1_379' title='bbox 1186 2743 1240 2794; x_wconf 89' lang='lat' dir='ltr'>illud</span> 
     </span>
     <span class='ocr_line' id='line_1_35' title="bbox 155 2809 1240 2875; baseline 0.006 -19"><span class='ocrx_word' id='word_1_380' title='bbox 155 2811 203 2857; x_wconf 79' lang='lat' dir='ltr'>oia.</span> <span class='ocrx_word' id='word_1_381' title='bbox 223 2809 332 2856; x_wconf 82' lang='lat' dir='ltr'>Christus</span> <span class='ocrx_word' id='word_1_382' title='bbox 351 2822 408 2868; x_wconf 80' lang='lat' dir='ltr'>ergo</span> <span class='ocrx_word' id='word_1_383' title='bbox 432 2809 488 2855; x_wconf 79' lang='lat' dir='ltr'>finis</span> <span class='ocrx_word' id='word_1_384' title='bbox 504 2809 614 2870; x_wconf 90' lang='lat' dir='ltr'>viarum;</span> <span class='ocrx_word' id='word_1_385' title='bbox 637 2813 683 2870; x_wconf 87' lang='lat' dir='ltr'>ipse</span> <span class='ocrx_word' id='word_1_386' title='bbox 708 2815 1240 2875; x_wconf 72' lang='lat' dir='ltr'>exsequitur,quodscriptumestepostilo·</span> 
     </span>
     <span class='ocr_line' id='line_1_36' title="bbox 154 2878 1239 2941; baseline 0.006 -17"><span class='ocrx_word' id='word_1_387' title='bbox 154 2880 216 2924; x_wconf 72' lang='lat' dir='ltr'>eloim</span> <span class='ocrx_word' id='word_1_388' title='bbox 226 2878 683 2936; x_wconf 72' lang='lat' dir='ltr'>cstfinislepisadjustitiomomnicrc-</span> <span class='ocrx_word' id='word_1_389' title='bbox 707 2883 796 2927; x_wconf 84' lang='lat' dir='ltr'>minum</span> <span class='ocrx_word' id='word_1_390' title='bbox 811 2885 887 2929; x_wconf 83' lang='lat' dir='ltr'>Deum</span> <span class='ocrx_word' id='word_1_391' title='bbox 903 2885 969 2928; x_wconf 81' lang='lat' dir='ltr'>tuum</span> <span class='ocrx_word' id='word_1_392' title='bbox 990 2878 1149 2941; x_wconf 78' lang='lat' dir='ltr'>ambulabis,</span> <span class='ocrx_word' id='word_1_393' title='bbox 1167 2886 1189 2930; x_wconf 87' lang='lat' dir='ltr'>et</span> <span class='ocrx_word' id='word_1_394' title='bbox 1203 2880 1239 2941; x_wconf 73' lang='lat' dir='ltr'>ipsi</span> 
     </span>
     <span class='ocr_line' id='line_1_37' title="bbox 155 2945 1238 3010; baseline 0.003 -17"><span class='ocrx_word' id='word_1_395' title='bbox 155 2949 225 2994; x_wconf 84' lang='lat' dir='ltr'>denti.</span> <span class='ocrx_word' id='word_1_396' title='bbox 240 2946 300 2993; x_wconf 86' lang='lat' dir='ltr'>ilinc</span> <span class='ocrx_word' id='word_1_397' title='bbox 312 2946 389 2992; x_wconf 85' lang='lat' dir='ltr'>audeo</span> <span class='ocrx_word' id='word_1_398' title='bbox 401 2945 484 2993; x_wconf 89' lang='lat' dir='ltr'>dicere</span> <span class='ocrx_word' id='word_1_399' title='bbox 497 2945 554 3004; x_wconf 82' lang='lat' dir='ltr'>quia</span> <span class='ocrx_word' id='word_1_400' title='bbox 566 2945 621 2993; x_wconf 78' lang='lat' dir='ltr'>liniis</span> <span class='ocrx_word' id='word_1_401' title='bbox 630 2946 682 3003; x_wconf 77' lang='lat' dir='ltr'>ius-</span> <span class='ocrx_word' id='word_1_402' title='bbox 707 2949 847 3010; x_wconf 76' lang='lat' dir='ltr'>adleoerciis3</span> <span class='ocrx_word' id='word_1_403' title='bbox 856 2952 912 3008; x_wconf 81' lang='lat' dir='ltr'>qicia</span> <span class='ocrx_word' id='word_1_404' title='bbox 920 2952 992 3010; x_wconf 85' lang='lat' dir='ltr'>ipsete</span> <span class='ocrx_word' id='word_1_405' title='bbox 1000 2952 1110 2997; x_wconf 83' lang='lat' dir='ltr'>deducet.</span> <span class='ocrx_word' id='word_1_406' title='bbox 1121 2946 1238 3009; x_wconf 83' lang='lat' dir='ltr'>Quomodo</span> 
     </span>
     <span class='ocr_line' id='line_1_38' title="bbox 153 3014 1240 3076; baseline 0.001 -16"><span class='ocrx_word' id='word_1_407' title='bbox 153 3014 264 3061; x_wconf 83' lang='lat' dir='ltr'>titianum</span> <span class='ocrx_word' id='word_1_408' title='bbox 273 3015 395 3073; x_wconf 82' lang='lat' dir='ltr'>Christus,</span> <span class='ocrx_word' id='word_1_409' title='bbox 404 3014 447 3074; x_wconf 88' lang='lat' dir='ltr'>qui</span> <span class='ocrx_word' id='word_1_410' title='bbox 460 3015 497 3060; x_wconf 92' lang='lat' dir='ltr'>est</span> <span class='ocrx_word' id='word_1_411' title='bbox 506 3014 600 3072; x_wconf 80' lang='lat' dir='ltr'>justitia</span> <span class='ocrx_word' id='word_1_412' title='bbox 611 3027 617 3060; x_wconf 72' lang='grc' dir='ltr'><strong><em>ε</em></strong></span> <span class='ocrx_word' id='word_1_413' title='bbox 628 3014 683 3061; x_wconf 85' lang='lat' dir='ltr'>linis</span> <span class='ocrx_word' id='word_1_414' title='bbox 707 3016 823 3075; x_wconf 89' lang='lat' dir='ltr'>deducat,</span> <span class='ocrx_word' id='word_1_415' title='bbox 840 3014 896 3063; x_wconf 89' lang='lat' dir='ltr'>audi</span> <span class='ocrx_word' id='word_1_416' title='bbox 910 3031 916 3061; x_wconf 75' lang='grc' dir='ltr'><em>τ</em></span> <span class='ocrx_word' id='word_1_417' title='bbox 931 3019 984 3064; x_wconf 81' lang='lat' dir='ltr'>Nisi</span> <span class='ocrx_word' id='word_1_418' title='bbox 997 3019 1040 3076; x_wconf 73' lang='lat' dir='ltr'>uei</span> <span class='ocrx_word' id='word_1_419' title='bbox 1054 3019 1140 3067; x_wconf 74' lang='lat' dir='ltr'>tulerit</span> <span class='ocrx_word' id='word_1_420' title='bbox 1156 3028 1240 3066; x_wconf 66' lang='lat' dir='ltr'>croam</span> 
     </span>
     <span class='ocr_line' id='line_1_39' title="bbox 153 3082 1239 3145; baseline 0 -14"><span class='ocrx_word' id='word_1_421' title='bbox 153 3084 349 3132; x_wconf 85' lang='lat' dir='ltr'>testimoniorum</span> <span class='ocrx_word' id='word_1_422' title='bbox 359 3082 478 3140; x_wconf 83' lang='lat' dir='ltr'>Christus,</span> <span class='ocrx_word' id='word_1_423' title='bbox 491 3083 521 3129; x_wconf 90' lang='lat' dir='ltr'>de</span> <span class='ocrx_word' id='word_1_424' title='bbox 532 3095 580 3141; x_wconf 88' lang='lat' dir='ltr'>quo</span> <span class='ocrx_word' id='word_1_425' title='bbox 589 3082 681 3129; x_wconf 87' lang='lat' dir='ltr'>dietum</span> <span class='ocrx_word' id='word_1_426' title='bbox 705 3098 788 3142; x_wconf 82' lang='lat' dir='ltr'>suum,</span> <span class='ocrx_word' id='word_1_427' title='bbox 801 3087 883 3144; x_wconf 85' lang='lat' dir='ltr'>etpost</span> <span class='ocrx_word' id='word_1_428' title='bbox 899 3099 935 3131; x_wconf 75' lang='lat' dir='ltr'>ine</span> <span class='ocrx_word' id='word_1_429' title='bbox 947 3087 1040 3133; x_wconf 80' lang='lat' dir='ltr'>secutus</span> <span class='ocrx_word' id='word_1_430' title='bbox 1051 3088 1145 3145; x_wconf 74' lang='lat' dir='ltr'>fuerit,</span> <span class='ocrx_word' id='word_1_431' title='bbox 1156 3098 1203 3134; x_wconf 75' lang='lat' dir='ltr'>non</span> <span class='ocrx_word' id='word_1_432' title='bbox 1211 3085 1239 3131; x_wconf 84' lang='lat' dir='ltr'>ert</span> 
     </span>
     <span class='ocr_line' id='line_1_40' title="bbox 154 3150 1238 3214; baseline -0.003 -14"><span class='ocrx_word' id='word_1_433' title='bbox 154 3155 190 3201; x_wconf 84' lang='lat' dir='ltr'>est</span> <span class='ocrx_word' id='word_1_434' title='bbox 198 3167 205 3199; x_wconf 82' lang='lat' dir='ltr'>r</span> <span class='ocrx_word' id='word_1_435' title='bbox 214 3157 292 3201; x_wconf 77' lang='lat' dir='ltr'>Estote</span> <span class='ocrx_word' id='word_1_436' title='bbox 302 3153 361 3200; x_wconf 77' lang='lat' dir='ltr'>milei</span> <span class='ocrx_word' id='word_1_437' title='bbox 372 3155 451 3208; x_wconf 82' lang='lat' dir='ltr'>testes,</span> <span class='ocrx_word' id='word_1_438' title='bbox 462 3154 484 3198; x_wconf 88' lang='lat' dir='ltr'>ct</span> <span class='ocrx_word' id='word_1_439' title='bbox 495 3164 535 3210; x_wconf 76' lang='lat' dir='ltr'>eqo</span> <span class='ocrx_word' id='word_1_440' title='bbox 549 3152 619 3208; x_wconf 82' lang='lat' dir='ltr'>testis,</span> <span class='ocrx_word' id='word_1_441' title='bbox 628 3153 682 3198; x_wconf 86' lang='lat' dir='ltr'>dicit</span> <span class='ocrx_word' id='word_1_442' title='bbox 706 3164 742 3198; x_wconf 84' lang='lat' dir='ltr'>me</span> <span class='ocrx_word' id='word_1_443' title='bbox 753 3154 844 3212; x_wconf 77' lang='lat' dir='ltr'>dipnus.</span> <span class='ocrx_word' id='word_1_444' title='bbox 859 3152 976 3199; x_wconf 73' lang='lat' dir='ltr'>Praecedit</span> <span class='ocrx_word' id='word_1_445' title='bbox 991 3164 1052 3211; x_wconf 80' lang='lat' dir='ltr'>ergo</span> <span class='ocrx_word' id='word_1_446' title='bbox 1068 3154 1201 3214; x_wconf 84' lang='lat' dir='ltr'>Christus,</span> <span class='ocrx_word' id='word_1_447' title='bbox 1214 3150 1238 3198; x_wconf 86' lang='lat' dir='ltr'>ut</span> 
     </span>
     <span class='ocr_line' id='line_1_41' title="bbox 153 3220 1237 3280; baseline -0.004 -10"><span class='ocrx_word' id='word_1_448' title='bbox 153 3225 267 3270; x_wconf 76' lang='lat' dir='ltr'>Dominus</span> <span class='ocrx_word' id='word_1_449' title='bbox 273 3253 281 3278; x_wconf 89' lang='lat'>,</span> <span class='ocrx_word' id='word_1_450' title='bbox 293 3224 316 3268; x_wconf 92' lang='lat' dir='ltr'>et</span> <span class='ocrx_word' id='word_1_451' title='bbox 326 3234 383 3280; x_wconf 86' lang='lat' dir='ltr'>puer</span> <span class='ocrx_word' id='word_1_452' title='bbox 393 3233 458 3266; x_wconf 82' lang='lat' dir='ltr'>meus</span> <span class='ocrx_word' id='word_1_453' title='bbox 470 3233 538 3279; x_wconf 81' lang='lat' dir='ltr'>quem</span> <span class='ocrx_word' id='word_1_454' title='bbox 549 3221 613 3278; x_wconf 68' lang='lat' dir='ltr'>eieci.</span> <span class='ocrx_word' id='word_1_455' title='bbox 705 3230 749 3266; x_wconf 89' lang='lat' dir='ltr'>nos</span> <span class='ocrx_word' id='word_1_456' title='bbox 760 3233 903 3280; x_wconf 84' lang='lat' dir='ltr'>sequamur,</span> <span class='ocrx_word' id='word_1_457' title='bbox 913 3220 1032 3278; x_wconf 75' lang='lat' dir='ltr'>praecedit</span> <span class='ocrx_word' id='word_1_458' title='bbox 1043 3223 1170 3270; x_wconf 84' lang='lat' dir='ltr'>Verbum.</span> <span class='ocrx_word' id='word_1_459' title='bbox 1178 3220 1237 3268; x_wconf 87' lang='lat' dir='ltr'>Prin·</span> 
     </span>
     <span class='ocr_line' id='line_1_42' title="bbox 183 3285 1237 3349; baseline -0.001 -13"><span class='ocrx_word' id='word_1_460' title='bbox 183 3288 386 3336; x_wconf 63' lang='lat' dir='ltr'>marcescimus</span> <span class='ocrx_word' id='word_1_461' title='bbox 397 3287 472 3346; x_wconf 72' lang='lat' dir='ltr'>igitur</span> <span class='ocrx_word' id='word_1_462' title='bbox 482 3287 601 3344; x_wconf 88' lang='lat' dir='ltr'>quantum</span> <span class='ocrx_word' id='word_1_463' title='bbox 612 3285 682 3333; x_wconf 90' lang='lat' dir='ltr'>nohis</span> <span class='ocrx_word' id='word_1_464' title='bbox 706 3286 799 3345; x_wconf 91' lang='lat' dir='ltr'>cipium</span> <span class='ocrx_word' id='word_1_465' title='bbox 809 3288 918 3335; x_wconf 79' lang='lat' dir='ltr'>Christus</span> <span class='ocrx_word' id='word_1_466' title='bbox 929 3289 981 3345; x_wconf 87' lang='lat' dir='ltr'>est3</span> <span class='ocrx_word' id='word_1_467' title='bbox 993 3288 1051 3336; x_wconf 89' lang='lat' dir='ltr'>ideo</span> <span class='ocrx_word' id='word_1_468' title='bbox 1064 3286 1237 3349; x_wconf 86' lang='lat' dir='ltr'>Sapientiadi-</span> 
     </span>
     <span class='ocr_line' id='line_1_43' title="bbox 152 3353 1237 3418; baseline 0.001 -15"><span class='ocrx_word' id='word_1_469' title='bbox 152 3357 327 3404; x_wconf 86' lang='lat' dir='ltr'>ambulnndum</span> <span class='ocrx_word' id='word_1_470' title='bbox 334 3355 415 3411; x_wconf 91' lang='lat' dir='ltr'>sit,ut</span> <span class='ocrx_word' id='word_1_471' title='bbox 423 3353 550 3400; x_wconf 86' lang='lat' dir='ltr'>veniamus</span> <span class='ocrx_word' id='word_1_472' title='bbox 560 3353 591 3399; x_wconf 84' lang='lat' dir='ltr'>ad</span> <span class='ocrx_word' id='word_1_473' title='bbox 600 3354 682 3399; x_wconf 83' lang='lat' dir='ltr'>Chris·</span> <span class='ocrx_word' id='word_1_474' title='bbox 707 3355 740 3401; x_wconf 91' lang='lat' dir='ltr'>eit</span> <span class='ocrx_word' id='word_1_475' title='bbox 751 3369 758 3400; x_wconf 89' lang='lat'><em>=</em></span> <span class='ocrx_word' id='word_1_476' title='bbox 769 3359 884 3405; x_wconf 75' lang='lat' dir='ltr'>Doininus</span> <span class='ocrx_word' id='word_1_477' title='bbox 894 3360 979 3403; x_wconf 82' lang='lat' dir='ltr'>creavit</span> <span class='ocrx_word' id='word_1_478' title='bbox 989 3371 1026 3403; x_wconf 85' lang='lat' dir='ltr'>me</span> <span class='ocrx_word' id='word_1_479' title='bbox 1032 3360 1183 3418; x_wconf 78' lang='lat' dir='ltr'>principium</span> <span class='ocrx_word' id='word_1_480' title='bbox 1193 3359 1237 3406; x_wconf 85' lang='lat' dir='ltr'>oio·</span> 
     </span>
     <span class='ocr_line' id='line_1_44' title="bbox 153 3421 1235 3487; baseline 0.001 -16"><span class='ocrx_word' id='word_1_481' title='bbox 153 3428 215 3471; x_wconf 91' lang='lat' dir='ltr'>tum.</span> <span class='ocrx_word' id='word_1_482' title='bbox 226 3422 407 3469; x_wconf 73' lang='lat' dir='ltr'>Ambulandum</span> <span class='ocrx_word' id='word_1_483' title='bbox 422 3421 449 3466; x_wconf 89' lang='lat' dir='ltr'>in</span> <span class='ocrx_word' id='word_1_484' title='bbox 459 3421 540 3478; x_wconf 77' lang='lat' dir='ltr'>Lege3</span> <span class='ocrx_word' id='word_1_485' title='bbox 552 3421 610 3480; x_wconf 89' lang='lat' dir='ltr'>quia</span> <span class='ocrx_word' id='word_1_486' title='bbox 626 3421 682 3467; x_wconf 87' lang='lat' dir='ltr'>tlnis</span> <span class='ocrx_word' id='word_1_487' title='bbox 705 3437 759 3470; x_wconf 82' lang='lat' dir='ltr'>rem</span> <span class='ocrx_word' id='word_1_488' title='bbox 769 3439 874 3472; x_wconf 80' lang='lat' dir='ltr'>scarum.</span> <span class='ocrx_word' id='word_1_489' title='bbox 883 3425 1041 3473; x_wconf 75' lang='lat' dir='ltr'>divertimus</span> <span class='ocrx_word' id='word_1_490' title='bbox 1052 3427 1125 3487; x_wconf 90' lang='lat' dir='ltr'>quod</span> <span class='ocrx_word' id='word_1_491' title='bbox 1136 3428 1163 3474; x_wconf 91' lang='lat' dir='ltr'>et</span> <span class='ocrx_word' id='word_1_492' title='bbox 1173 3426 1235 3487; x_wconf 88' lang='lat' dir='ltr'>prin·</span> 
     </span>
     <span class='ocr_line' id='line_1_45' title="bbox 152 3488 1234 3551; baseline 0.002 -14"><span class='ocrx_word' id='word_1_493' title='bbox 152 3492 223 3550; x_wconf 78' lang='lat' dir='ltr'>Legis</span> <span class='ocrx_word' id='word_1_494' title='bbox 235 3490 344 3536; x_wconf 82' lang='lat' dir='ltr'>Christus</span> <span class='ocrx_word' id='word_1_495' title='bbox 355 3490 401 3536; x_wconf 87' lang='lat' dir='ltr'>est.</span> <span class='ocrx_word' id='word_1_496' title='bbox 413 3488 471 3534; x_wconf 89' lang='lat' dir='ltr'>Sine</span> <span class='ocrx_word' id='word_1_497' title='bbox 482 3489 546 3546; x_wconf 77' lang='lat' dir='ltr'>Lege</span> <span class='ocrx_word' id='word_1_498' title='bbox 557 3500 614 3547; x_wconf 72' lang='lat' dir='ltr'>ergo</span> <span class='ocrx_word' id='word_1_499' title='bbox 630 3501 680 3535; x_wconf 89' lang='lat' dir='ltr'>non</span> <span class='ocrx_word' id='word_1_500' title='bbox 706 3493 796 3550; x_wconf 91' lang='lat' dir='ltr'>cipium</span> <span class='ocrx_word' id='word_1_501' title='bbox 814 3493 941 3551; x_wconf 80' lang='lat' dir='ltr'>Christus,</span> <span class='ocrx_word' id='word_1_502' title='bbox 961 3494 985 3539; x_wconf 88' lang='lat' dir='ltr'>et</span> <span class='ocrx_word' id='word_1_503' title='bbox 1001 3493 1060 3539; x_wconf 82' lang='lat' dir='ltr'>unis</span> <span class='ocrx_word' id='word_1_504' title='bbox 1078 3495 1182 3542; x_wconf 90' lang='lat' dir='ltr'>viarum</span> <span class='ocrx_word' id='word_1_505' title='bbox 1198 3493 1234 3542; x_wconf 85' lang='lat' dir='ltr'>sit.</span> 
     </span>
     <span class='ocr_line' id='line_1_46' title="bbox 152 3555 1236 3621; baseline 0.004 -16"><span class='ocrx_word' id='word_1_506' title='bbox 152 3557 295 3617; x_wconf 85' lang='lat' dir='ltr'>pervenitur</span> <span class='ocrx_word' id='word_1_507' title='bbox 305 3557 336 3604; x_wconf 91' lang='lat' dir='ltr'>ad</span> <span class='ocrx_word' id='word_1_508' title='bbox 346 3557 477 3603; x_wconf 87' lang='lat' dir='ltr'>Christum.</span> <span class='ocrx_word' id='word_1_509' title='bbox 485 3555 554 3603; x_wconf 89' lang='lat' dir='ltr'>Unde</span> <span class='ocrx_word' id='word_1_510' title='bbox 565 3556 681 3605; x_wconf 84' lang='lat' dir='ltr'>maniles-</span> <span class='ocrx_word' id='word_1_511' title='bbox 705 3561 755 3605; x_wconf 89' lang='lat' dir='ltr'>Non</span> <span class='ocrx_word' id='word_1_512' title='bbox 767 3573 852 3607; x_wconf 84' lang='lat' dir='ltr'>vereor</span> <span class='ocrx_word' id='word_1_513' title='bbox 861 3561 957 3620; x_wconf 88' lang='lat' dir='ltr'>nequis</span> <span class='ocrx_word' id='word_1_514' title='bbox 967 3560 1236 3621; x_wconf 71' lang='lat' dir='ltr'>dicattcreatumervo</span> 
     </span>
     <span class='ocr_line' id='line_1_47' title="bbox 152 3625 1234 3688; baseline 0.001 -13"><span class='ocrx_word' id='word_1_515' title='bbox 152 3632 206 3675; x_wconf 86' lang='lat' dir='ltr'>tum</span> <span class='ocrx_word' id='word_1_516' title='bbox 217 3626 328 3687; x_wconf 85' lang='lat' dir='ltr'>estquod</span> <span class='ocrx_word' id='word_1_517' title='bbox 340 3625 467 3684; x_wconf 78' lang='lat' dir='ltr'>haeretici,</span> <span class='ocrx_word' id='word_1_518' title='bbox 483 3627 526 3685; x_wconf 84' lang='lat' dir='ltr'>qui</span> <span class='ocrx_word' id='word_1_519' title='bbox 537 3627 626 3685; x_wconf 79' lang='lat' dir='ltr'>Legem</span> <span class='ocrx_word' id='word_1_520' title='bbox 636 3639 681 3674; x_wconf 90' lang='lat' dir='ltr'>ve·</span> <span class='ocrx_word' id='word_1_521' title='bbox 704 3628 825 3675; x_wconf 79' lang='lat' dir='ltr'>Christum</span> <span class='ocrx_word' id='word_1_522' title='bbox 854 3627 968 3676; x_wconf 79' lang='lat' dir='ltr'>adseris?</span> <span class='ocrx_word' id='word_1_523' title='bbox 991 3628 1161 3688; x_wconf 84' lang='lat' dir='ltr'>Respondebo</span> <span class='ocrx_word' id='word_1_524' title='bbox 1176 3644 1184 3675; x_wconf 77' lang='grc' dir='ltr'><strong><em>ε</em></strong></span> <span class='ocrx_word' id='word_1_525' title='bbox 1203 3629 1234 3676; x_wconf 75' lang='lat' dir='ltr'>lto</span> 
     </span>
     <span class='ocr_line' id='line_1_48' title="bbox 151 3695 1234 3756; baseline 0.001 -13"><span class='ocrx_word' id='word_1_526' title='bbox 151 3696 213 3743; x_wconf 87' lang='lat' dir='ltr'>teris</span> <span class='ocrx_word' id='word_1_527' title='bbox 233 3707 283 3743; x_wconf 91' lang='lat' dir='ltr'>non</span> <span class='ocrx_word' id='word_1_528' title='bbox 303 3695 427 3755; x_wconf 88' lang='lat' dir='ltr'>accipiunt</span> <span class='ocrx_word' id='word_1_529' title='bbox 444 3695 609 3752; x_wconf 84' lang='lat' dir='ltr'>Testamenti,</span> <span class='ocrx_word' id='word_1_530' title='bbox 634 3696 679 3742; x_wconf 80' lang='lat' dir='ltr'>etsi</span> <span class='ocrx_word' id='word_1_531' title='bbox 705 3697 814 3743; x_wconf 89' lang='lat' dir='ltr'>creatum</span> <span class='ocrx_word' id='word_1_532' title='bbox 830 3697 898 3754; x_wconf 91' lang='lat' dir='ltr'>dico,</span> <span class='ocrx_word' id='word_1_533' title='bbox 919 3697 1131 3756; x_wconf 85' lang='lat' dir='ltr'>quemadmodum</span> <span class='ocrx_word' id='word_1_534' title='bbox 1148 3697 1234 3744; x_wconf 81' lang='lat' dir='ltr'>lactum</span> 
     </span>
     <span class='ocr_line' id='line_1_49' title="bbox 152 3763 1233 3826; baseline 0.002 -16"><span class='ocrx_word' id='word_1_535' title='bbox 152 3764 234 3811; x_wconf 87' lang='lat' dir='ltr'>dicant</span> <span class='ocrx_word' id='word_1_536' title='bbox 249 3763 314 3824; x_wconf 88' lang='lat' dir='ltr'>quod</span> <span class='ocrx_word' id='word_1_537' title='bbox 329 3764 450 3811; x_wconf 82' lang='lat' dir='ltr'>Christum</span> <span class='ocrx_word' id='word_1_538' title='bbox 465 3764 579 3823; x_wconf 84' lang='lat' dir='ltr'>teneant3</span> <span class='ocrx_word' id='word_1_539' title='bbox 597 3764 680 3810; x_wconf 86' lang='lat' dir='ltr'>tamen</span> <span class='ocrx_word' id='word_1_540' title='bbox 704 3764 767 3823; x_wconf 77' lang='lat' dir='ltr'>legi,</span> <span class='ocrx_word' id='word_1_541' title='bbox 778 3766 824 3812; x_wconf 86' lang='lat' dir='ltr'>hoc</span> <span class='ocrx_word' id='word_1_542' title='bbox 836 3766 887 3823; x_wconf 91' lang='lat' dir='ltr'>est,</span> <span class='ocrx_word' id='word_1_543' title='bbox 899 3765 989 3812; x_wconf 85' lang='lat' dir='ltr'>laetum</span> <span class='ocrx_word' id='word_1_544' title='bbox 1002 3777 1034 3812; x_wconf 86' lang='lat' dir='ltr'>ex</span> <span class='ocrx_word' id='word_1_545' title='bbox 1045 3765 1173 3826; x_wconf 89' lang='lat' dir='ltr'>muliere,</span> <span class='ocrx_word' id='word_1_546' title='bbox 1188 3765 1233 3812; x_wconf 84' lang='lat' dir='ltr'>isc·</span> 
     </span>
     <span class='ocr_line' id='line_1_50' title="bbox 151 3832 1233 3892; baseline -0.002 -11"><span class='ocrx_word' id='word_1_547' title='bbox 151 3833 303 3892; x_wconf 88' lang='lat' dir='ltr'>nonpossint</span> <span class='ocrx_word' id='word_1_548' title='bbox 318 3833 404 3880; x_wconf 90' lang='lat' dir='ltr'>tenere</span> <span class='ocrx_word' id='word_1_549' title='bbox 421 3832 508 3890; x_wconf 85' lang='lat' dir='ltr'>finem,</span> <span class='ocrx_word' id='word_1_550' title='bbox 520 3833 562 3892; x_wconf 85' lang='lat' dir='ltr'>qui</span> <span class='ocrx_word' id='word_1_551' title='bbox 579 3832 678 3880; x_wconf 89' lang='lat' dir='ltr'>initium</span> <span class='ocrx_word' id='word_1_552' title='bbox 704 3833 755 3879; x_wconf 92' lang='lat' dir='ltr'>tum</span> <span class='ocrx_word' id='word_1_553' title='bbox 767 3833 900 3892; x_wconf 72' lang='lat' dir='ltr'>sublege,</span> <span class='ocrx_word' id='word_1_554' title='bbox 910 3833 955 3879; x_wconf 87' lang='lat' dir='ltr'>hoe</span> <span class='ocrx_word' id='word_1_555' title='bbox 968 3833 1019 3891; x_wconf 88' lang='lat' dir='ltr'>est,</span> <span class='ocrx_word' id='word_1_556' title='bbox 1033 3832 1176 3880; x_wconf 89' lang='lat' dir='ltr'>secundum</span> <span class='ocrx_word' id='word_1_557' title='bbox 1186 3844 1233 3879; x_wconf 87' lang='lat' dir='ltr'>sus-</span> 
     </span>
     <span class='ocr_line' id='line_1_51' title="bbox 151 3900 1232 3962; baseline -0.002 -13"><span class='ocrx_word' id='word_1_558' title='bbox 151 3915 199 3950; x_wconf 89' lang='lat' dir='ltr'>non</span> <span class='ocrx_word' id='word_1_559' title='bbox 209 3903 344 3950; x_wconf 87' lang='lat' dir='ltr'>tenuerint.</span> <span class='ocrx_word' id='word_1_560' title='bbox 354 3904 408 3962; x_wconf 89' lang='lat' dir='ltr'>lpse</span> <span class='ocrx_word' id='word_1_561' title='bbox 418 3903 489 3948; x_wconf 83' lang='lat' dir='ltr'>lesus</span> <span class='ocrx_word' id='word_1_562' title='bbox 497 3902 534 3948; x_wconf 86' lang='lat' dir='ltr'>est</span> <span class='ocrx_word' id='word_1_563' title='bbox 544 3902 642 3949; x_wconf 90' lang='lat' dir='ltr'>initium</span> <span class='ocrx_word' id='word_1_564' title='bbox 654 3903 679 3948; x_wconf 94' lang='lat' dir='ltr'>et</span> <span class='ocrx_word' id='word_1_565' title='bbox 704 3901 842 3960; x_wconf 90' lang='lat' dir='ltr'>ceptionem</span> <span class='ocrx_word' id='word_1_566' title='bbox 857 3901 936 3948; x_wconf 86' lang='lat' dir='ltr'>carnis</span> <span class='ocrx_word' id='word_1_567' title='bbox 953 3900 1080 3959; x_wconf 87' lang='lat' dir='ltr'>creatum,</span> <span class='ocrx_word' id='word_1_568' title='bbox 1098 3901 1232 3949; x_wconf 87' lang='lat' dir='ltr'>secundum</span> 
     </span>
     <span class='ocr_line' id='line_1_52' title="bbox 150 3966 1232 4031; baseline 0 -15"><span class='ocrx_word' id='word_1_569' title='bbox 150 3971 214 4018; x_wconf 79' lang='lat' dir='ltr'>sinis.</span> <span class='ocrx_word' id='word_1_570' title='bbox 225 3970 325 4031; x_wconf 87' lang='lat' dir='ltr'>Oportet</span> <span class='ocrx_word' id='word_1_571' title='bbox 342 3970 418 4028; x_wconf 76' lang='lat' dir='ltr'>igitur</span> <span class='ocrx_word' id='word_1_572' title='bbox 429 3969 459 4014; x_wconf 88' lang='lat' dir='ltr'>ut</span> <span class='ocrx_word' id='word_1_573' title='bbox 473 3969 628 4016; x_wconf 86' lang='lat' dir='ltr'>ambulemus</span> <span class='ocrx_word' id='word_1_574' title='bbox 640 3981 679 4015; x_wconf 88' lang='lat' dir='ltr'>se·</span> <span class='ocrx_word' id='word_1_575' title='bbox 703 3969 770 4029; x_wconf 90' lang='lat' dir='ltr'>quod</span> <span class='ocrx_word' id='word_1_576' title='bbox 779 3970 816 4015; x_wconf 88' lang='lat' dir='ltr'>est</span> <span class='ocrx_word' id='word_1_577' title='bbox 826 3970 899 4016; x_wconf 87' lang='lat' dir='ltr'>uatus</span> <span class='ocrx_word' id='word_1_578' title='bbox 910 3983 943 4016; x_wconf 83' lang='lat' dir='ltr'>ex</span> <span class='ocrx_word' id='word_1_579' title='bbox 953 3969 1064 4028; x_wconf 79' lang='lat' dir='ltr'>Virgine.</span> <span class='ocrx_word' id='word_1_580' title='bbox 1076 3969 1181 4016; x_wconf 79' lang='lat' dir='ltr'>creatus</span> <span class='ocrx_word' id='word_1_581' title='bbox 1192 3966 1232 4024; x_wconf 75' lang='lat' dir='ltr'>cst,</span> 
     </span>
     <span class='ocr_line' id='line_1_53' title="bbox 150 4037 1232 4096; baseline -0.001 -12"><span class='ocrx_word' id='word_1_582' title='bbox 150 4039 258 4085; x_wconf 88' lang='lat' dir='ltr'>cundum</span> <span class='ocrx_word' id='word_1_583' title='bbox 267 4041 347 4096; x_wconf 75' lang='lat' dir='ltr'>legem</span> <span class='ocrx_word' id='word_1_584' title='bbox 355 4037 542 4095; x_wconf 82' lang='lat' dir='ltr'>spiritalen13ut</span> <span class='ocrx_word' id='word_1_585' title='bbox 550 4037 684 4082; x_wconf 84' lang='lat' dir='ltr'>veniamus</span> <span class='ocrx_word' id='word_1_586' title='bbox 703 4039 731 4083; x_wconf 89' lang='lat' dir='ltr'>ut</span> <span class='ocrx_word' id='word_1_587' title='bbox 749 4037 881 4084; x_wconf 87' lang='lat' dir='ltr'>redimeret</span> <span class='ocrx_word' id='word_1_588' title='bbox 900 4038 1044 4083; x_wconf 86' lang='lat' dir='ltr'>creaturas:</span> <span class='ocrx_word' id='word_1_589' title='bbox 1064 4037 1232 4084; x_wconf 69' lang='lat' dir='ltr'>uoluntarius</span> 
     </span>
     <span class='ocr_line' id='line_1_54' title="bbox 150 4103 1235 4175; baseline -0.002 -23"><span class='ocrx_word' id='word_1_590' title='bbox 150 4105 181 4152; x_wconf 73' lang='lat' dir='ltr'>ed</span> <span class='ocrx_word' id='word_1_591' title='bbox 189 4104 340 4167; x_wconf 75' lang='lat' dir='ltr'>Legisssncm</span> <span class='ocrx_word' id='word_1_592' title='bbox 345 4103 475 4152; x_wconf 86' lang='lat' dir='ltr'>Dominum</span> <span class='ocrx_word' id='word_1_593' title='bbox 480 4104 571 4151; x_wconf 86' lang='lat' dir='ltr'>lesum.</span> <span class='ocrx_word' id='word_1_594' title='bbox 579 4104 679 4164; x_wconf 86' lang='lat' dir='ltr'>Oportet</span> <span class='ocrx_word' id='word_1_595' title='bbox 704 4107 755 4162; x_wconf 86' lang='lat' dir='ltr'>est,</span> <span class='ocrx_word' id='word_1_596' title='bbox 765 4106 793 4152; x_wconf 87' lang='lat' dir='ltr'>ut</span> <span class='ocrx_word' id='word_1_597' title='bbox 804 4105 938 4152; x_wconf 80' lang='lat' dir='ltr'>hominess</span> <span class='ocrx_word' id='word_1_598' title='bbox 950 4104 1027 4151; x_wconf 85' lang='lat' dir='ltr'>morte</span> <span class='ocrx_word' id='word_1_599' title='bbox 1036 4106 1162 4166; x_wconf 76' lang='lat' dir='ltr'>perpet-ua</span> <span class='ocrx_word' id='word_1_600' title='bbox 1172 4104 1235 4175; x_wconf 73' lang='lat' dir='ltr'>libc-</span> 
     </span>
    </p>
   </div>
   <div class='ocr_carea' id='block_1_3' title="bbox 0 0 1384 4794">
    <p class='ocr_par' dir='ltr' id='par_1_3' title="bbox 0 0 1384 4794">
     <span class='ocr_line' id='line_1_55' title="bbox 0 0 1384 4794; baseline 0 3"><span class='ocrx_word' id='word_1_601' title='bbox 0 0 1384 4794; x_wconf 95' lang='lat' dir='ltr'> </span> 
     </span>
    </p>
   </div>
  </div>
 </body>
</html>
