2760 4794
231 372 261 423 td
509 383 510 386 ’
622 373 742 419 annoni
757 365 922 417 Amanosu

230 453 633 517 insipientibus.lraqravispassio
644 457 696 504 est:
706 456 760 516 plc-
787 455 855 502 tuum
872 449 1007 501 adversarii
1022 450 1100 499 morte
1110 448 1259 500 solvas.,Vir
1274 445 1325 497 tuit

231 538 334 585 rumque
342 523 454 572 accendit
466 524 586 584 invitum;
599 523 626 571 et
635 523 759 572 nolentem
785 525 828 571 ille
840 522 884 582 qui
905 532 977 567 suurn
994 518 1085 567 oceidit
1100 518 1249 578 inimicum,
1267 530 1324 566 me-

231 594 316 640 mitius
327 592 465 653 vindicare,
482 592 508 639 in
520 593 628 640 furorem
640 593 720 652 rapit,
732 591 760 639 ut
785 594 832 640 rito
842 589 1004 651 praedicatum
1015 588 1073 648 quia
1084 587 1118 635 ita
1130 586 1317 644 serindieavit,

231 662 338 722 perimat
354 674 427 722 quem
443 662 568 722 putaverit
586 661 758 709 coercendum.
784 662 812 709 ut
820 660 882 707 alius
890 658 1005 718 ignorans
1013 655 1120 717 audiret,
1126 655 1201 716 eique
1210 656 1325 715 irrogare

230 731 381 790 commotus,
401 731 481 790 gladie
499 742 562 790 saepe
578 730 761 778 transverberat
785 742 834 777 nou
842 727 943 776 auderet
953 725 1078 784 injuriam.
1090 726 1133 773 llis
1143 724 1253 773 stimulis
1265 724 1324 783 plus

232 795 397 847 innocentem.
409 800 504 847 Amicos
519 800 545 847 et
559 800 646 846 tratres
661 811 706 858 per
721 797 761 845 in·
786 797 942 855 accenditur,
953 794 1145 854 plusmovetur3
1155 792 1185 840 ut
1196 793 1321 853 complea-

231 864 399 924 dignationem
412 867 513 927 plurimi
523 867 691 927 peremerunt.
703 867 760 914 ldeo
786 868 826 914 tur
836 864 901 926 quod
909 863 1029 924 scriptum
1045 860 1097 910 est:
1109 864 1152 910 Iro
1160 863 1237 922 perata
1247 862 1321 910 ebora

232 933 334 993 Sapiens
345 935 472 983 dicitzlra
479 938 551 996 perdit
559 937 629 984 eiiam
637 938 759 995 sepientes.
785 936 907 996 sopientes.

232 1001 367 1051 Salomonis
385 1003 540 1063 dictumest,
554 1004 672 1063 quianon
682 1004 760 1051 solum
816 1003 854 1050 is.
867 1004 928 1061 Ergo
939 1001 967 1049 tu
979 1013 1011 1049 ne
1022 998 1108 1048 auchas
1116 1012 1173 1049 eum
1183 1014 1191 1062 3
1203 1013 1234 1048 ae
1248 1011 1324 1048 ωηα-

232 1081 399 1132 quoscumque
421 1073 453 1121 de
472 1073 553 1120 medlo
573 1072 699 1131 homines,
718 1073 760 1119 sed
786 1072 839 1119 lerts
848 1073 874 1118 ot
886 1069 992 1130 nequiter·
1002 1067 1086 1128 faciest
1096 1071 1219 1130 Quoniam
1228 1068 1272 1129 qui
1279 1079 1321 1114 ac·

233 1138 309 1186 ctiam
333 1141 398 1200 ipsos
416 1140 504 1201 perdat
523 1141 560 1188 ira
579 1139 710 1201 sapientes.
732 1141 762 1187 Et
786 1141 861 1199 quites
880 1140 967 1198 aquat,
983 1136 1219 1184 exterminabuntura
1232 1135 1321 1182 Exter-

232 1207 312 1255 David
322 1210 458 1269 sapientem
469 1210 553 1257 monet
563 1210 665 1258 dicens:
678 1211 761 1258 Desiae
787 1208 912 1255 minantur
923 1206 966 1266 qui
974 1204 1071 1254 radices
1081 1216 1130 1253 non
1141 1205 1248 1264 habent,
1256 1203 1324 1252 sicut

233 1277 264 1324 ab
274 1280 363 1339 treme
372 1291 427 1327 cum
436 1279 577 1327 accenderis
583 1278 704 1338 eam‚illa
712 1291 761 1326 uon
787 1277 853 1324 olera
870 1276 913 1324 vel
929 1274 1031 1321 ioenum.
1043 1273 1115 1333 Olera
1126 1273 1241 1321 infirmus
1250 1285 1320 1320 man·

233 1345 329 1394 desinat
338 1346 480 1410 prinsquam
490 1349 515 1395 te
531 1348 584 1407 ejus
594 1347 692 1395 flamma
702 1359 762 1395 eon·
787 1345 861 1393 ducet
871 1357 878 1391 t
893 1345 921 1392 tu
933 1344 1015 1391 autem
1026 1341 1104 1390 ritem
1120 1342 1204 1390 insere
1218 1342 1247 1388 in
1264 1353 1323 1401 agro

221 1414 761 1477 ,sumatlleliuquminquittadiqactioacm3
788 1415 846 1472 tuo,
874 1413 974 1461 vineam
1001 1411 1112 1459 institue.
1140 1410 1191 1458 Etsi
1223 1409 1322 1461 venerit

234 1481 337 1542 hocest‚
344 1484 431 1530 natura
442 1485 467 1531 te
477 1485 553 1544 rapit,
561 1485 645 1531 movet
653 1484 761 1540 affectus,
787 1481 884 1541 Achab,
894 1482 938 1540 qui
950 1480 997 1528 tibi
1012 1479 1094 1528 dicat:
1105 1482 1145 1527 De
1155 1479 1217 1526 mihi
1227 1481 1323 1527 otacus»

235 1550 308 1610 culpa
319 1551 343 1599 te
354 1552 459 1611 alicuius
466 1552 559 1599 excitat
569 1553 610 1599 vel
618 1551 725 1611 offensa,
735 1553 763 1599 ut
788 1553 854 1597 taam
860 1582 869 1608 ‚
879 1552 906 1598 ut
915 1551 980 1598 olera
992 1549 1051 1597 mibi
1067 1562 1162 1608 seram;
1173 1547 1228 1595 noli
1242 1547 1267 1595 ei
1278 1546 1324 1594 ud·-

230 1615 387 1677 indignerim
404 1618 510 1665 sednon
526 1629 720 1678 usquequaque,
735 1619 763 1666 ut
788 1617 929 1679 quiescere,
940 1631 973 1666 ne
992 1631 1024 1666 ex
1043 1629 1163 1665 consensu
1173 1618 1218 1664 tuo
1229 1616 1320 1664 caduca

150 1712 152 1717 2
233 1684 335 1749 modum
346 1687 458 1734 nescias:
470 1687 581 1747 relinque
598 1699 671 1746 earn,
688 1685 763 1734 finem
788 1687 868 1747 serat,
883 1686 1009 1735 abscindat
1026 1686 1126 1734 aeterna.
1138 1685 1195 1733 ldeo
1205 1685 1319 1732 Nabuthe

235 1752 348 1815 impone,
358 1768 390 1803 ne
400 1755 424 1803 te
436 1756 462 1802 in
472 1755 601 1816 peccatum
611 1755 701 1802 trahat.
712 1756 763 1803 Hoc
789 1757 854 1804 inter
871 1755 967 1804 sanctos
989 1755 1107 1814 hahetur,
1119 1753 1178 1815 quia
1196 1751 1319 1811 maiorum

236 1821 288 1881 est,
299 1824 366 1884 quod
384 1837 457 1884 supra
475 1825 565 1872 dixit:
576 1818 721 1881 Irascimini,
742 1827 764 1872 cl
789 1837 888 1874 suorum
902 1823 1085 1883 hereditatem,
1100 1835 1133 1870 ne
1148 1822 1209 1882 regi.
1219 1821 1321 1882 quidem

235 1892 306 1940 notite
323 1894 495 1954 peccaresNon
516 1894 583 1941 enim
605 1893 716 1941 hortatur
736 1895 764 1941 ut
789 1890 1321 1954 putavitessecedendam3etlapidarima·

236 1959 348 2009 irascaris
355 1965 365 2022 ,'
373 1963 416 2010 sed
424 1957 454 2010 ad
464 1963 562 2023 tempus
572 1963 637 2010 cedit
648 1961 762 2010 affectui:
789 1963 850 2022 luit,
861 1964 889 2010 ut
904 1963 1005 2010 vineam
1016 1974 1085 2009 suam
1099 1973 1149 2009 nou
1160 1959 1233 2008 daret
1244 1960 1271 2008 in
1281 1959 1321 2007 di·

236 2026 279 2074 dat
294 2029 376 2077 tamen
390 2030 611 2097 medicamentum,
622 2043 654 2078 ne
672 2030 765 2078 diutius
789 2033 937 2093 reptionem.
955 2030 1089 2078 Hereditas
1107 2029 1243 2088 majorum,
1260 2028 1325 2076 tides

237 2094 276 2142 vis
285 2098 374 2162 ulceris
385 2098 475 2157 serpat.
486 2101 631 2158 Irascimini,
642 2099 764 2159 quodait,
790 2112 848 2146 vera
874 2100 920 2147 est.
941 2099 1096 2146 Exstiteruut
1120 2097 1214 2145 arriani
1244 2097 1325 2157 regali-

237 2165 286 2212 tuae
305 2166 342 2214 est
357 2167 484 2227 passionis.
501 2167 610 2214 lledicus
628 2163 693 2214 euim
715 2179 765 2214 non
790 2166 891 2214 subnixi
902 2167 1027 2226 potentia,
1038 2165 1214 2226 quitemplum
1222 2165 1326 2212 Domini
1370 2169 1372 2173 ’

236 2233 319 2284 statim
330 2237 432 2284 adhibet
442 2237 620 2285 medicamenta
631 2236 741 2297 languori
757 2250 764 2282 r
790 2235 905 2294 putarent
915 2235 963 2281 sibi
976 2247 1028 2282 esse
1036 2234 1326 2294 tradendum‚supplicia·

237 2303 264 2365 si
278 2305 347 2353 dolor
364 2306 458 2365 terret,
477 2305 584 2353 tomenta
603 2306 718 2365 adhibet,
737 2305 765 2352 ut
791 2305 879 2351 acerba
889 2303 1035 2351 minitantes
1049 2317 1056 2350 a
1072 2304 1115 2350 sed
1125 2303 1204 2363 absit,
1215 2304 1244 2361 ut
1258 2301 1326 2362 apud:

237 2374 351 2424 mitescat
360 2374 429 2421 dolor
440 2387 446 2419 :
458 2372 479 2421 si
496 2373 573 2420 febris
581 2374 715 2431 exaestuat,
727 2385 765 2419 re·
790 2374 898 2421 mentem
905 2373 1167 2421 Dominoserrientem
1175 2372 1325 2437 praeponde-

237 2444 314 2492 medii
325 2444 421 2501 tempus
437 2441 576 2502 exspectat,
589 2441 669 2500 ipsum
680 2440 764 2500 potum
791 2439 856 2487 raret
864 2441 940 2500 magis
948 2452 1028 2500 poeuae
1038 2440 1151 2499 formido,
1160 2439 1327 2500 quamiorma

238 2511 379 2560 sitientibus
389 2522 479 2570 negare
488 2509 681 2557 consueritllon
690 2509 763 2556 dicit:
791 2510 898 2568 pietatis.
916 2511 969 2557 Nou
984 2510 1116 2569 praevaluit
1132 2509 1253 2568 perfidia3
1263 2508 1326 2568 quia

237 2579 290 2624 Noli
302 2577 406 2635 febrire,
418 2589 474 2622 cnm
487 2589 562 2635 vapor
573 2575 653 2623 fervet
664 2577 764 2635 aegroti3
791 2576 850 2624 fides
865 2577 966 2626 restitit.
978 2577 1019 2625 Est
1029 2578 1105 2624 etiarn
1120 2576 1233 2636 quaedam
1248 2577 1323 2624 vinea

238 2646 282 2694 sed
302 2644 529 2704 dicitrExspecta,
554 2645 649 2692 desinat
675 2645 765 2705 febris,
791 2646 817 2692 in
835 2648 976 2706 pectoribus
993 2647 1120 2706 fidelium,
1142 2645 1173 2693 de
1191 2657 1242 2705 qua
1260 2644 1324 2692 dicit

238 2715 363 2774 digeratur
383 2712 520 2759 commotio.
540 2712 580 2759 Sic
602 2714 627 2760 et
645 2714 765 2773 Propheta
791 2715 888 2763 Esaiasz
908 2717 1102 2776 Viaeuffoctcest
1119 2715 1199 2762 dilecto
1213 2717 1239 2761 ia
1250 2727 1324 2761 corno

238 2795 288 2829 non
298 2782 379 2842 potnit
387 2781 470 2829 dicere
481 2780 585 2839 homini,
594 2781 663 2838 cujus
672 2795 727 2830 caro
739 2784 766 2830 ut
791 2784 864 2831 uberi.
875 2786 944 2832 llanc
957 2786 1056 2833 vineam
1066 2784 1184 2831 Dominus
1198 2782 1324 2843 plautavit

239 2851 316 2898 variis
340 2850 494 2914 morborum,
518 2851 553 2896 ita
576 2851 765 2898 commotionum
791 2851 818 2898 in
836 2852 948 2900 cordibus
971 2853 1076 2912 nostris3
1093 2853 1118 2899 et
1136 2851 1192 2897 idco
1217 2851 1324 2910 legimus

238 2919 393 2980 passionibus
414 2918 537 2966 excitatur
553 2931 560 2964 a
579 2919 631 2966 Nou
646 2920 765 2980 irascere;
792 2920 915 2968 dicentem
925 2922 1024 2967 Deum:
1040 2923 1091 2981 qu
1102 2923 1123 2968 te
1134 2921 1242 2980 plantavi
1252 2921 1323 2966 vitem

239 2988 284 3036 sed
294 2988 354 3035 dicit
366 3001 373 3034 ε
385 2991 468 3037 Desine
480 2988 509 3036 ab
527 2991 578 3045 ira,
594 2991 616 3036 et
625 2990 766 3050 tndiqaatio-
791 2990 948 3050 insolitorum,
958 2994 1128 3039 totamoercm.
1138 2991 1215 3036 Nemo
1223 3000 1281 3049 ergo
1292 2987 1324 3035 de

239 3058 703 3119 nemrelinque,nepecces31nnnn1nr
714 3071 767 3118 gra·
791 3071 847 3117 agro
856 3060 943 3106 animae
952 3060 1040 3107 nostrae
1051 3059 1114 3105 hanc
1122 3056 1219 3104 auferat
1229 3057 1323 3114 vitem3

239 3127 277 3176 vis
292 3128 330 3175 est
345 3127 461 3188 magistra
475 3128 579 3187 peccati.
592 3123 660 3175 nlius
670 3141 766 3189 quoque
791 3128 848 3186 quia
866 3126 998 3174 benedicta
1019 3126 1056 3174 est
1076 3139 1106 3173 ea
1123 3125 1192 3173 vitis.
1203 3125 1324 3185 ideoque

239 3196 350 3244 medicus
367 3197 426 3245 dicit
444 3211 451 3243 ε
469 3199 509 3245 Sol
526 3210 574 3244 aon
594 3198 682 3244 occidat
698 3211 767 3258 super
792 3195 885 3243 dietum
904 3196 942 3243 est
960 3195 1092 3244 desanctis
1108 3207 1115 3241 ε
1132 3195 1155 3244 Α
1173 3194 1253 3254 fructu
1271 3195 1325 3253 frac-

238 3268 386 3313 iracundiam
393 3268 546 3325 oestrum3ne
553 3265 609 3312 dum
622 3265 665 3311 diu
674 3264 766 3324 differs,
791 3267 876 3321 ansati,
894 3265 957 3321 virzi,
974 3267 997 3311 et
1013 3266 1071 3322 olet,
1090 3264 1239 3323 multiplicati
1258 3264 1323 3310 soal.

238 3333 324 3380 veniat
350 3334 393 3380 ille
421 3334 464 3393 qui
488 3334 633 3381 calefactum
659 3334 767 3392 corporis
792 3331 885 3378 Bonum
896 3333 934 3380 est
944 3345 1001 3391 ergo
1011 3333 1104 3380 habere
1116 3332 1180 3379 intra
1196 3331 1221 3378 te
1239 3331 1325 3379 torcu-

239 3412 323 3450 somno
335 3401 444 3449 excitare
459 3401 601 3458 consuevit,
618 3399 644 3447 et
659 3399 767 3447 stimulet
792 3400 854 3445 laria
873 3400 932 3447 vino
950 3402 1126 3461 redundantia3
1146 3401 1175 3449 ut
1196 3399 1259 3447 lluat
1277 3399 1325 3447 tibi

239 3470 279 3529 te,
299 3471 390 3518 inserat
407 3470 454 3518 tibi
466 3469 641 3529 cogitationes,
654 3467 679 3514 et
690 3467 717 3512 iu
727 3480 768 3515 se·
792 3469 879 3516 vinum
890 3470 917 3516 in
931 3482 974 3518 vas
984 3471 1055 3517 tuum
1074 3471 1105 3519 de
1124 3469 1198 3519 vinea
1212 3469 1326 3527 Sorech,

240 3539 307 3586 creta
320 3552 345 3586 se
357 3538 394 3585 tui
405 3538 512 3597 pectoris
522 3533 651 3594 immergat
662 3535 746 3583 dicens
759 3550 765 3582 :
792 3540 907 3595 poculum
919 3540 982 3587 illud
998 3541 1123 3587 inebrians
1137 3551 1210 3599 quam
1221 3538 1326 3598 praeela-

238 3609 343 3656 vindica
353 3607 467 3665 iujuriam
482 3606 549 3652 tuam
559 3638 567 3662 ,
577 3603 659 3650 virum
674 3604 699 3651 te
714 3617 766 3652 esse
792 3607 863 3653 ruint
875 3607 967 3654 Sorech
979 3608 1046 3654 enim
1057 3608 1132 3656 vinea
1142 3641 1150 3666 ‚
1159 3607 1218 3655 novi
1227 3605 1326 3666 princi·

240 3675 498 3736 cognoscesiemineae
507 3671 656 3719 infirmitatis
664 3673 710 3733 est,
718 3687 766 3722 non
792 3676 828 3735 pii
847 3676 897 3735 est,
921 3676 946 3724 et
970 3688 1041 3723 novae
1062 3675 1192 3735 aequitatis.
1206 3673 1279 3721 Unde
1299 3674 1327 3720 et

239 3756 328 3806 capere
342 3743 485 3791 vindictam.
496 3741 557 3798 Ergo
568 3739 725 3790 contemnere
741 3745 767 3791 te
793 3743 884 3792 dicitur
900 3744 972 3791 nobis
990 3758 998 3790 z
1017 3747 1115 3792 dentata
1130 3745 1232 3793 Domino
1248 3745 1327 3791 oestro

240 3808 326 3860 debuit
338 3821 437 3864 servus,
449 3807 525 3854 irater
536 3807 664 3869 decipere,
675 3810 767 3859 airricus
793 3817 1008 3870 canticomaoeum,
1012 3815 1154 3873 principium
1164 3813 1223 3872 ejus,
1232 3815 1327 3872 muqni·

240 3878 358 3934 illudere;
368 3877 393 3922 et
402 3877 430 3922 tu
441 3875 519 3923 adhuc
531 3876 599 3923 tuam
606 3891 655 3925 non
665 3880 768 3928 ulcisce-
792 3883 858 3941 ficate
868 3895 953 3930 atamen
963 3882 1012 3940 ejus
1021 3882 1051 3928 ab
1062 3885 1166 3929 extremo
1178 3884 1257 3929 terroe.
1267 3881 1327 3929 llaec

240 3946 274 3992 ris
297 3943 488 3992 contumeliam?
513 3946 650 3995 Proscribas
666 3961 767 3997 necesse
794 3951 933 4010 ergovinea
941 3962 1000 3997 uvas
1008 3949 1147 4011 iaciat,non
1156 3949 1325 4009 iniquitatem.

240 4011 768 4077 est,grad10oportetinserendorum
794 4019 850 4067 ldeo
861 4018 949 4066 relicta
961 4019 999 4066 est
1011 4018 1083 4069 vinea
1097 4016 1237 4072 ludaeorum
1248 4030 1256 4077 ;
1268 4017 1328 4079 quia
