2760 4794
393 379 561 423 ironeam
576 379 763 423 PROPHETAE
778 381 889 424 unvul.
1168 377 1185 422 ³

103 455 409 517 curriculumperegissent
416 459 631 517 ,dedissentnobis
657 460 766 518 experiri
774 459 784 508 t
792 461 870 517 Quam
878 457 950 507 multi
958 456 1058 508 athletae
1069 473 1126 507 cuin
1137 460 1184 508 isto

79 581 82 584 ‚
103 525 253 573 occasionem
260 525 437 574 infirmioribus
443 527 630 576 aestimandieu-
657 528 767 575 certandi
777 541 867 588 genere
875 528 1062 588 praevaluerint,
1074 528 1184 576 adalind

101 591 197 649 iusdam
204 594 336 652 superioris
344 606 386 642 eos
397 596 492 644 naturae
501 608 529 643 ac
538 596 629 644 divinae
656 607 732 653 uenus
748 597 867 644 vocantur
878 595 1109 654 certaminisiQnid
1125 597 1147 643 si
1157 597 1184 641 et

102 659 189 721 tuine,
201 664 229 710 ut
238 663 357 716 delictum
370 665 497 724 recipere,
512 667 538 711 et
551 667 630 724 eulpae
657 665 681 709 te
692 664 806 712 dominus
815 666 882 712 Deus
890 666 947 712 tuus
954 677 1011 712 cum
1018 664 1118 724 aliquod
1127 675 1183 723 spe-

57 794 60 799 *
79 733 81 738 '
101 731 249 779 consortium
268 732 360 781 babere
376 745 425 780 non
441 735 550 792 possent.
568 735 629 792 Quae
656 731 737 780 cimen
748 733 848 780 virtutIs
856 732 953 780 dederis
961 734 1010 780 tuae
1016 765 1024 790 ,
1036 733 1062 780 in
1073 733 1122 779 alio
1132 732 1184 794 uir·

98 799 183 857 opinio
196 801 299 861 utique,
318 804 347 848 ut
366 803 477 849 exsortes
496 815 541 849 nos
561 802 629 849 illius
655 799 736 848 tutum
751 814 841 861 genere
856 803 911 851 nult
926 801 1101 862 probarellob
1111 813 1183 848 sauc-

99 869 255 929 substautiae,
275 870 307 917 ab
324 869 470 930 impossibili
490 865 640 918 imitatione
655 866 707 915 tuni
715 872 855 918 currentem
862 869 1089 931 inoffense,tentari
1098 871 1182 918 tanim

99 940 235 985 revocaret.
251 939 395 986 Pnin‘rnmr
410 939 486 998 igitur
502 940 628 998 paulisper
654 937 761 986 tiliorum
780 939 904 998 interitu,
925 940 952 987 et
976 934 1084 998 corporis
1104 937 1182 986 totius

98 1003 155 1052 illos
163 1007 210 1052 Dei
218 1006 344 1065 gratia,ut
349 1006 420 1054 nobii
428 1007 458 1053 ad
463 1006 626 1056 imitationem
654 1005 780 1054 ulceribus
789 1020 874 1066 passus
884 1007 935 1065 est;
945 1007 975 1054 ut
983 1007 1010 1054 in
1020 1007 1066 1054 lioc
1083 1015 1181 1066 qnoque

99 1072 151 1120 vita
158 1085 244 1121 eorum
252 1074 324 1123 tieret
331 1075 475 1135 disciplina3
484 1074 510 1122 et
518 1075 583 1123 sicut
590 1076 628 1122 iii·
654 1072 707 1130 eius
717 1074 833 1122 virtutem
844 1076 973 1135 probaret,
984 1076 1005 1122 si
1012 1087 1058 1122 nec
1069 1072 1182 1131 injuriis,

98 1142 234 1202 nocentiae,
250 1142 287 1190 ita
301 1143 327 1189 et
340 1144 494 1202 poenitentiae
511 1144 627 1203 magiste-
652 1153 699 1189 nec
714 1144 890 1191 acerbitatibus
908 1145 1006 1191 coactns
1025 1143 1182 1190 devotionem

98 1207 165 1255 rium
188 1210 220 1257 de
242 1223 327 1257 eorum
349 1212 445 1258 actibus
464 1222 625 1259 sumeremus.
637 1229 638 1232 ¹
652 1211 691 1256 sui
702 1211 827 1260 minueret
836 1212 947 1260 allectus.
958 1213 1021 1258 Num
1028 1211 1107 1271 liquet
1115 1208 1182 1269 qnod

25 1310 30 1319 ,
98 1275 160 1336 lingo
171 1277 231 1323 dum
241 1277 324 1336 lapsus
332 1289 417 1323 eorum
427 1278 481 1336 lego
488 1308 496 1335 ,
504 1279 628 1324 consortes
654 1279 729 1325 etiarn
735 1279 983 1327 sanctumbavidfide
992 1279 1181 1337 nobilem,prae·

99 1343 176 1391 etiarn
191 1345 248 1392 illos
262 1345 412 1391 infirmitatis
430 1356 552 1404 agnosco:
568 1346 628 1392 durn
653 1347 829 1394 stantissimum
837 1347 1036 1405 mansuetudine,
1045 1357 1120 1391 manu
1130 1342 1181 1391 ior·

100 1413 174 1462 credo
191 1413 327 1473 consortes,
343 1412 473 1460 imitandos
492 1423 546 1461 esse
565 1425 627 1474 prae·
653 1415 703 1461 tem
717 1415 821 1474 probare
838 1414 959 1472 voluerit,
974 1410 1179 1474 quemadmodum

98 1491 177 1528 suino.
651 1482 741 1529 vitium
753 1481 862 1542 tegeret,
877 1484 972 1542 lapsum
983 1481 1138 1537 emendaret3
1150 1482 1179 1527 ut

127 1550 151 1596 8.
169 1549 290 1598 Admonet
305 1549 381 1596 etiarn
397 1549 520 1608 apostolus
536 1549 625 1596 Paulus
650 1563 694 1600 nos
710 1552 809 1599 doceret
823 1551 1028 1611 quemadmodum
1045 1550 1178 1598 admissum

98 1619 252 1678 prospexisse
263 1619 394 1665 Dominum
407 1619 486 1664 Deum
500 1621 624 1677 nostrum,
650 1621 770 1677 possimus
779 1621 875 1680 operire
884 1618 1027 1680 peccaturis

96 1698 129 1733 ne
145 1688 187 1735 vel
200 1687 381 1735 revelationum
402 1685 568 1746 sublimitate,
584 1686 624 1734 vel
680 1690 719 1736 lt).
733 1690 785 1737 Nisi
797 1690 860 1738 torte
871 1691 929 1738 vilis
939 1701 1012 1737 cansa
1020 1688 1095 1735 alicui
1106 1686 1177 1734 vide-

96 1755 204 1801 secundo
215 1767 317 1813 opernm
328 1752 486 1801 continuante
494 1766 624 1812 processu,
651 1755 703 1815 tur,
717 1758 746 1805 ut
759 1759 859 1817 propter
874 1761 983 1805 nostram
997 1756 1175 1804 correctionem

96 1823 219 1870 humanus
232 1824 307 1870 etiani
322 1823 348 1868 in
361 1823 451 1868 sancus
462 1823 625 1870 extolleretur
652 1825 732 1874 tantus
746 1827 840 1873 erraret
853 1826 989 1887 propbeta,
1006 1837 1063 1872 cuin
1075 1823 1176 1883 propter

96 1892 216 1951 affectus,
227 1904 275 1940 nec
289 1892 338 1938 sibi
348 1891 510 1950 deputarent,
523 1890 625 1938 virtuti·
650 1894 760 1940 oninium
769 1895 948 1943 redemtionem
958 1893 1113 1941 infirmitates
1121 1904 1176 1938 nos-

96 1973 145 2020 que
156 1961 326 2008 adtribuerent
333 1973 398 2021 suae,
407 1960 472 2020 quod
482 1959 566 2008 divina
576 1959 624 2006 sibi
650 1961 698 2010 tras
712 1963 821 2010 Christus
832 1963 983 2024 susceperit,
992 1962 1035 2023 qui
1046 1960 1174 2020 peccatum

96 2031 239 2088 operatione
253 2028 317 2076 ioret
329 2029 455 2076 collatum.
472 2030 533 2087 Ergo
548 2039 580 2074 ne
596 2027 624 2075 in
650 2043 692 2089 pro
702 2032 979 2092 nobisiactnscst,cnnr
989 2030 1174 2090 peccatumnou

96 2099 193 2146 tantum
206 2097 376 2158 prejudicium
386 2098 501 2156 ruerent,
513 2097 586 2156 atque
598 2096 623 2142 in
649 2102 797 2157 cognoverit.
805 2103 833 2148 ni
842 2102 970 2160 indignum
975 2099 1174 2157 aestimatur,nec

97 2166 207 2224 perndie
217 2166 314 2214 ioveam
321 2166 478 2223 deciderent,
489 2178 574 2225 passus
587 2165 624 2210 est
649 2167 1067 2228 verisimilecreditur,quodllavid
1075 2165 1175 2224 propter

98 2233 218 2280 Dominus
234 2233 286 2279 illis
295 2233 431 2280 subintrare
439 2233 551 2289 culpam3
560 2230 590 2277 ut
600 2234 625 2276 et
650 2236 799 2291 posteritatis
811 2235 949 2295 proiectum
962 2237 988 2282 in
1003 2235 1078 2281 unius
1093 2234 1175 2290 lapsus

97 2302 148 2360 ipsi
162 2300 321 2348 adverterent
335 2300 427 2346 divinis
438 2310 464 2345 se
476 2297 576 2345 auxiliis
587 2297 625 2342 in·
651 2301 808 2359 opprobrium
820 2301 948 2359 inciderit3
959 2301 1079 2357 cumipse
1091 2299 1175 2344 Domi-

96 2369 197 2428 digere,
209 2369 345 2427 ducemque
355 2367 440 2413 salutis
455 2378 505 2413 siiae
515 2376 626 2425 quaereu·
650 2377 697 2412 iius
716 2366 749 2413 sit
767 2378 811 2425 pro
826 2365 897 2413 nobis
913 2366 991 2413 iactus
1001 2363 1174 2424 opprobrium,

95 2430 525 2496 danessecognoscerent.'benique
534 2433 624 2480 Paulus
649 2434 777 2495 sicutipse
788 2434 823 2482 ait
834 2437 903 2495 :Epo
916 2437 995 2482 autem
1010 2447 1063 2481 sum
1076 2432 1174 2488 vernon,

95 2502 268 2551 infirmitatem
291 2503 340 2550 sibi
362 2501 483 2562 profuisse
499 2501 622 2558 testatur,
648 2505 670 2550 et
685 2516 733 2550 non
751 2505 834 2562 bomo,
846 2504 995 2565 opprobrium
1005 2501 1140 2557 leontinum,
1152 2507 1175 2547 et

95 2571 196 2619 dicente
212 2572 317 2618 Domino
335 2570 431 2629 roganti
451 2569 512 2629 sibi,
530 2570 559 2616 ut
572 2581 622 2616 ase
648 2571 744 2629 objectio
762 2573 841 2632 puin.
862 2572 893 2618 Et
909 2571 970 2618 alibi
981 2583 989 2616 ε
1000 2572 1032 2618 Et
1048 2569 1173 2630 opprobria

95 2641 210 2688 stimulus
217 2641 297 2688 carnis
307 2653 357 2687 snae
365 2638 503 2686 discederet
514 2650 520 2684 ι
533 2639 623 2698 Sufficit
647 2641 839 2700 exprobrantium
853 2641 1031 2688 libicecidernnt
1044 2653 1114 2698 super
1125 2651 1172 2683 me.

95 2710 364 2770 littoratinmenrnone
374 2710 480 2757 virtusi‘n
489 2709 622 2766 infirmitate
647 2709 706 2767 Ergo
721 2709 811 2756 iuturae
825 2709 1014 2769 dispensationis
1027 2707 1172 2767 mysterium

94 2781 278 2826 consummetur.
295 2777 429 2836 Meritoque
454 2776 573 2836 gloriatur
595 2775 622 2820 in
646 2775 673 2822 in
687 2777 738 2824 suis
752 2778 809 2824 anie
824 2777 952 2837 praemisit.
968 2777 998 2822 Et
1008 2775 1101 2823 servuli
1115 2774 1173 2833 qui-

95 2846 302 2902 infirmiutibus3
323 2845 416 2892 sciebat
435 2845 502 2890 euim
522 2843 621 2891 virtutis
646 2844 703 2891 dem
713 2846 858 2894 conditionis
866 2859 917 2892 suae
927 2844 1025 2905 peccata
1034 2843 1171 2902 portarunt,

95 2915 244 2962 abundantia
251 2913 369 2974 plurimos
378 2913 453 2961 etiam
463 2913 558 2960 sanctos
568 2912 621 2958 sine
646 2912 702 2960 ideo
712 2926 763 2962 non
773 2915 905 2974 potuerunt
915 2914 990 2961 etiam
997 2913 1023 2960 et
1033 2911 1079 2971 ipsi
1088 2922 1173 2956 exsor-

93 2982 203 3029 remedio
219 2981 347 3029 corruisse.
360 2982 454 3039 Quanto
470 2980 545 3038 igitur
555 2993 623 3027 com·
646 2983 683 3030 tes
693 2995 747 3030 esse
758 2984 853 3044 peccati
865 2983 1003 3030 :Dominus
1018 2984 1100 3027 autem
1111 2991 1172 3026 onus

95 3051 191 3099 modius
201 3051 245 3097 nni
255 3050 298 3097 aut
312 3050 406 3097 duabus
423 3049 623 3107 reprehensioni·
646 3054 754 3112 suscepit
768 3054 891 3108 alienum,
907 3052 963 3098 ideo
977 3051 1042 3098 solus
1057 3048 1104 3096 luit
1117 3048 1171 3094 sine

94 3123 141 3169 bus
157 3121 240 3166 locum
257 3119 370 3176 dedisse,
391 3129 464 3177 qnam
479 3117 585 3164 traxisse
596 3117 622 3163 in
647 3120 768 3166 consortio
778 3119 932 3167 delictorum.

95 3189 242 3249 perpetuum
253 3185 391 3234 divinitatis
401 3183 531 3232 offensam?
678 3189 717 3234 il.
731 3187 768 3234 nd
789 3199 923 3245 summani,
944 3185 1057 3244 iposnio
1074 3195 1171 3244 quoque

291 3268 406 3301 ⁴-----
525 3292 531 3302 .
647 3256 763 3316 docente,
784 3254 942 3315 cognovimus
960 3255 987 3301 iu
1007 3254 1084 3314 figura
1104 3253 1171 3310 gesta

256 3351 383 3407 CAPUT
401 3351 451 3401 m
647 3339 699 3374 esse
715 3325 854 3386 complura,
870 3336 924 3384 quae
938 3323 1091 3384 temporibus
1104 3319 1171 3381 gesta

453 3387 460 3401 ’
481 3391 484 3396 ’
646 3396 812 3456 superioribus
823 3396 888 3442 sunt.
899 3395 958 3441 llam
970 3406 1026 3440 cum
1034 3391 1136 3440 dixisset
1145 3391 1171 3436 iu

93 3458 196 3502 ΝΜ
204 3464 228 3495 ⁰⁰
235 3453 471 3517 ¹⁰⁰¹²⁰9¹¹¹⁰¹P⁰⁵³¹3¹¹3¹
482 3449 553 3492 ΜΝ·
563 3447 622 3525 pund
646 3467 743 3515 deserto
754 3464 836 3526 patres
845 3476 859 3510 a
867 3463 1024 3522 serpentibus
1030 3461 1171 3510 vulneratos

121 3513 208 3552 athletas
216 3519 264 3549 snos
274 3509 339 3545 variis
351 3506 504 3544 certaminibus
513 3514 621 3551 exerceri,
730 3535 735 3544 ,
852 3535 857 3544 .
983 3533 988 3542 .
1038 3530 1065 3541 ..

518 3561 622 3606 mm„
646 3547 694 3582 non
704 3535 777 3582 ahter
790 3535 898 3593 poluisse
911 3544 1005 3591 sanari,
1018 3543 1067 3578 msr
1077 3531 1171 3588 Moyses

117 3571 137 3606 et
145 3567 206 3605 nobis
213 3562 309 3610 exemplo
320 3571 361 3598 esse
370 3562 426 3599 Deus
436 3561 486 3597 velit
499 3570 504 3596 ι
918 3601 923 3611 Ι

118 3620 212 3668 ejusdem
227 3615 361 3654 admierium
376 3615 400 3652 in
416 3613 511 3659 figuram
527 3612 622 3660 facium,
646 3605 785 3666 serpentem
808 3601 974 3662 suspendisset
996 3612 1104 3657 arreum,
1123 3610 1171 3657 qno

115 3673 213 3713 ’ΜΒ
222 3671 286 3710 '³¹¹³’
294 3668 408 3718 ³¹¹⁶⁸⁰¹fi⁵v
418 3665 546 3706 decuraiur.
647 3674 715 3732 viso,
725 3673 829 3720 letbales
839 3671 876 3718 illi
886 3682 980 3717 morsus
989 3668 1171 3726 intcsionesque

123 3758 148 3805 9.
164 3756 231 3813 Quin
247 3751 323 3800 etiam
335 3750 378 3797 illa
395 3747 509 3808 adjiciam
524 3760 578 3808 quae
589 3758 621 3795 ex
646 3742 738 3790 veneni
755 3741 837 3787 noxiae
858 3739 1025 3796 curabantur,
1047 3736 1169 3794 subiecit:

95 3826 147 3885 ipso
167 3835 214 3870 usu
233 3819 320 3869 mundi
338 3816 462 3874 conjicere
479 3827 620 3876 possumus,
646 3815 701 3859 iloec
719 3812 798 3857 nutem
817 3807 1003 3868 infipurofncto
1018 3808 1072 3853 sunl
1086 3804 1172 3852 illisad
1204 3830 1229 3871 al·
1326 3853 1328 3855 ¹

94 3895 152 3953 quia
171 3877 300 3952 plerosque
317 3900 373 3935 curn
392 3884 578 3946 probaverimus
596 3883 622 3929 iii
646 3881 754 3927 nostram
766 3878 952 3925 correctionem.
970 3876 997 3921 ln
1008 3874 1173 3952 tiguraaereus
1202 3868 1236 3923 ’ἃ

95 3961 177 4019 aliquo
186 3958 280 4016 otticio,
295 3955 393 4003 eosdem
403 3953 473 4014 qnasi
489 3951 622 3999 industrios
647 3959 747 4008 serpens
757 3948 882 4006 tamqnam
894 3944 1004 3992 confixus
1019 3952 1084 3988 cruci
1095 3951 1102 3996 3
1114 3951 1173 3997 quia

94 4030 170 4092 alque
181 4027 296 4092 impigros
307 4026 333 4072 in
342 4022 390 4072 alio
398 4033 499 4076 innuere
510 4021 621 4072 volumus
646 4030 719 4097 uerus
729 4015 907 4075 crucifigendus
917 4011 1001 4094 generi
1012 4008 1167 4119 annuntiabo*
