2760 4794
347 425 380 472 ru
394 423 555 472 PSALMUM
570 426 685 472 CXVlli
699 423 894 473 exnoslrro.
1120 426 1168 476 ³49

57 505 154 555 -rsvit
165 507 216 554 Non
235 507 267 555 ad
284 519 361 556 unum
374 510 488 570 quidem,
508 521 558 556 non
578 507 609 556 ad
634 509 735 558 testator
751 510 873 569 aeternus,
887 509 931 569 qui
950 506 1041 558 uostris
1052 509 1167 559 cordibus

79 587 171 636 paucos
188 590 195 623 ι
213 577 257 626 sed
274 578 306 624 ad
321 591 406 626 ornnes
426 579 609 626 Testamentum
634 580 700 639 leges
707 579 784 639 affigit
795 592 859 638 suas,
871 582 896 627 et
904 578 989 626 scribit
1000 580 1026 626 in
1037 581 1166 639 sensibusa

79 654 153 691 suurn
161 645 258 705 scripsit
268 647 348 696 lesus.
361 649 451 696 Onrnes
464 647 549 708 scripti
561 647 610 694 hae·
633 648 662 692 ut
670 646 735 693 uihrl
743 646 812 693 aliud
823 647 939 705 cogitare,
952 646 1000 693 nisi
1009 645 1093 694 divina
1102 660 1167 706 prar-

78 713 245 764 redessumus
255 729 305 764 uon
315 730 360 778 pro
375 718 501 777 portione,
511 717 556 765 sed
566 730 610 777 pro
634 715 704 775 cepta
711 716 844 776 possimus,
852 714 917 763 nihil
928 715 996 763 aliud
1003 716 1106 776 sentire,
1116 716 1166 763 nisi

79 782 251 831 universitate.
275 786 460 834 Testamentum
480 798 609 834 commuue
634 785 679 831 Dei
690 786 788 832 oracula
799 784 941 833 debeamus.
956 783 1031 832 Dedit
1044 785 1165 844 maian,

80 850 133 909 est,
144 852 218 910 etius
228 855 353 913 omnium,
365 856 497 903 haereditas
507 857 610 905 unirer-
635 852 776 902 reformavit
793 852 920 911 naturam,
931 852 1027 915 sibique
1041 852 1085 914 qui
1101 853 1167 899 obli-

78 928 177 981 sorum,
188 922 214 969 et
225 923 334 970 soliditas
341 925 505 983 singulorum.
515 925 610 973 Novum
634 922 695 969 visci
711 922 776 970 nihil
789 923 867 980 solet,
887 922 1029 970 memoriam
1053 933 1166 970 meorum

78 985 264 1039 Testamentum
272 992 362 1051 singuli
375 993 480 1051 adeunt,
489 994 516 1042 et
526 1006 610 1041 omnes
634 989 735 1039 abstulit
752 994 926 1052 pcccatorum,
936 990 999 1038 mihi
1018 990 1087 1038 dedit
1101 1003 1165 1051 prar-
1211 999 1215 1004 '

78 1057 206 1114 possident
217 1073 224 1106 ε
237 1071 284 1108 nec
295 1061 416 1108 minuitur
425 1061 528 1121 haeredi,
540 1063 611 1122 quid·
634 1059 762 1117 ceptorum
779 1071 889 1108 snorum.
1170 1100 1172 1104 ,

78 1124 141 1183 quid
154 1138 169 1172 a
184 1128 352 1177 coheredibus
362 1130 512 1176 vindicatur.
529 1131 610 1178 hauet
664 1125 703 1174 45.
712 1128 766 1175 Noli
777 1141 835 1188 ergo
846 1129 934 1175 tollere
945 1127 976 1175 de
987 1126 1112 1174 cordetuo
1126 1128 1165 1174 le·

78 1194 275 1242 emolumentum
293 1197 430 1256 integrum,
445 1199 471 1245 et
488 1210 517 1246 co
534 1200 611 1258 magis
634 1210 690 1257 geru
701 1197 1175 1257 Dei,etalflgerelegempeccatidloli-

77 1259 185 1321 singulis
195 1263 351 1324 crescit‚quo
360 1264 472 1324 pluribus
482 1266 560 1313 tuerit
568 1267 610 1313 ad-
634 1266 741 1313 scribere
753 1266 779 1313 in
789 1264 902 1313 sensibus
912 1265 962 1313 tuis
975 1264 1068 1312 diaboli
1079 1265 1166 1312 illece-

78 1329 210 1387 quisltum.
226 1332 281 1378 Alia
291 1333 398 1380 conditio
410 1335 446 1381 cst
462 1334 611 1382 harenacis
635 1332 705 1393 bras,
716 1336 741 1382 et
751 1335 799 1382 Ilei
811 1334 895 1382 delere
906 1333 1030 1381 mandata.
1042 1335 1101 1380 Ecce
1109 1345 1165 1393 eqo,

77 1395 235 1446 humanam&
245 1400 323 1449 divisa
334 1401 426 1451 inerim
435 1404 609 1463 emolumenta,
635 1403 729 1462 inquit,
737 1405 807 1463 pinni
819 1417 901 1452 muros
912 1407 976 1460 tuos,
988 1404 1042 1450 dicit
1050 1403 1166 1450 nominos

78 1466 242 1530 minuuntur,
250 1470 276 1517 et
286 1470 390 1519 haeredls
399 1471 436 1518 est
445 1473 561 1519 damnum
568 1472 608 1520 de·
634 1473 664 1517 ud
675 1473 820 1520 Hierusalem
824 1488 833 1533 ,-
845 1473 951 1532 honest,
961 1468 1174 1520 adanimamstu.

76 1534 182 1594 scriptio
196 1537 338 1588 cohaeredis.
351 1540 487 1587 indivisum
507 1553 610 1600 regnum
635 1541 727 1588 diosam
743 1541 930 1601 tranquillitatis
950 1540 976 1588 et
992 1541 1074 1600 pacis,
1090 1551 1164 1598 quarn

77 1601 169 1652 Christi
178 1607 223 1666 est,
230 1607 337 1655 indivisa
342 1608 609 1668 haeredltas.Quomodo
635 1609 694 1657 lecit
704 1610 736 1658 ad
747 1610 880 1670 imaginem
887 1622 965 1658 suam.
978 1609 1042 1668 Noli,
1052 1609 1165 1667 inquam,

77 1668 134 1718 fieri
145 1673 253 1734 poterat,
263 1676 291 1723 ut
300 1675 380 1723 divisa
391 1679 454 1725 esset
465 1677 608 1738 haereditas3
633 1678 730 1726 auterre
739 1680 873 1740 imaginem
886 1678 1025 1736 coelestem,
1040 1677 1066 1725 et
1076 1674 1164 1736 imagi·

79 1750 138 1787 cum
148 1740 299 1791 hereditatis
315 1743 408 1792 huctus
419 1747 451 1793 slt
467 1746 607 1805 indivisus,
633 1760 691 1794 nem
702 1749 787 1796 mortis
798 1749 934 1809 irnnonere.
944 1747 1071 1796 ilecnsasti
1082 1745 1164 1793 haere·

79 1809 146 1868 quod
164 1812 201 1859 cst
218 1825 321 1872 regnum
341 1813 474 1862 coeloruml
497 1815 608 1873 hurum,
632 1815 737 1862 ditatem
751 1816 835 1864 saeculi
845 1829 852 1862 a
862 1828 933 1864 serra
945 1814 1036 1863 Christi
1049 1813 1164 1860 testimo·

79 1880 222 1941 argentum,
237 1882 358 1941 praedium
368 1883 399 1930 ab
415 1884 514 1931 homine
529 1886 621 1948 pluri-¹
632 1883 687 1942 nia3
703 1885 818 1944 quoniam
837 1884 864 1930 in
880 1884 921 1930 his
939 1881 1071 1931 exsultatio
1088 1880 1164 1939 atque

79 1943 127 1994 bus
137 1948 283 1998 derelictum
294 1951 451 1999 distribuitur
458 1965 486 2000 ac
497 1953 607 2001 secatur:
633 1952 719 1998 laelitia
729 1952 779 2010 est,
787 1950 884 2012 quando
895 1952 996 2012 quidem
1002 1949 1081 1997 omnis
1091 1947 1164 1995 tletus

80 2014 209 2064 solidasti
227 2017 335 2078 singulos
353 2020 444 2068 Christi
470 2020 533 2067 dona
550 2034 609 2080 per·
633 2019 770 2079 delebitur,
786 2023 813 2068 et
833 2032 899 2067 mors
916 2031 966 2066 nou
984 2018 1032 2066 erit
1042 2017 1162 2076 amplius,

79 2083 185 2133 veniunt
195 2098 203 2131 ε
214 2097 299 2134 ornnes
312 2087 415 2147 habam,
425 2086 451 2136 et
460 2099 534 2137 nemo
544 2089 608 2137 irau-
632 2100 712 2149 neque
723 2090 819 2149 luctus,
833 2100 915 2149 neque
926 2088 1012 2146 fletus,
1023 2098 1103 2146 neque
1114 2086 1163 2133 cla·

80 2147 163 2202 datur·
632 2170 694 2206 mor.
713 2159 794 2207 Passio
817 2159 905 2206 Christi
925 2160 1005 2218 imago
1023 2157 1072 2204 fuit
1092 2154 1163 2215 regni

111 2217 151 2268 ir.
163 2221 296 2273 Audiamus
307 2225 382 2288 igitur
392 2225 519 2276 commoda
532 2225 608 2273 hare
633 2226 749 2274 coelestis.
757 2229 834 2274 Nemo
844 2227 939 2275 audivit
946 2228 971 2273 in
981 2225 1069 2286 plateis
1076 2235 1163 2272 vocem

79 2285 305 2342 hanaucensem
314 2297 470 2354 peccaturum
481 2295 609 2343 haereditas
633 2295 701 2353 ejus3
720 2295 778 2356 qnia
797 2297 841 2343 illo
862 2296 960 2343 silentio
978 2293 1096 2355 passionis
1111 2305 1164 2340 suar

80 2357 171 2406 Christi
182 2360 229 2408 est.
245 2363 316 2411 Certe
333 2364 411 2412 solida
426 2376 472 2423 per
486 2362 609 2424 singulos,
633 2367 762 2413 clamorem
780 2378 878 2413 ornnem
896 2366 1063 2425 inposterum
1080 2361 1163 2422 impiae

80 2426 145 2474 etin
160 2440 288 2478 commune
305 2433 343 2480 est
360 2432 493 2491 lucrativa3
506 2433 607 2492 quibus·
632 2434 699 2487 vocis
718 2435 840 2483 abolebat.
852 2435 1034 2491 Nolebatsseri‚
1045 2433 1164 2495 quidica·

80 2508 188 2558 cumque
198 2499 265 2546 enim
282 2502 369 2549 collata
386 2502 475 2560 luerit,
491 2503 555 2549 nulli
566 2502 609 2550 de·
632 2504 674 2551 bat
692 2503 723 2551 ad
738 2504 801 2553 filias
811 2506 965 2553 Hierusalem
976 2518 984 2550 r
994 2506 1062 2552 hiliae
1077 2504 1164 2550 Hiero-

80 2566 164 2626 cedit,
174 2570 269 2617 accedit
280 2572 403 2619 omnibus.
414 2572 512 2632 Corpori
523 2571 609 2632 adqui-
632 2575 704 2621 subm
713 2576 785 2622 nolite
793 2589 830 2623 me
839 2576 896 2634 ltere
901 2608 911 2633 ‚
925 2576 964 2623 sed
977 2587 1020 2623 eos
1030 2576 1092 2633 ipsos
1100 2573 1161 2630 plote·
1220 2574 1224 2583 ¹

80 2635 157 2696 ritur,
175 2638 296 2698 quidquid
316 2640 450 2701 unicuique
470 2642 607 2690 relaxatur.
631 2642 764 2692 Ablaturus
783 2646 850 2690 euim
870 2656 955 2692 omnes
974 2645 1094 2704 lacrymas
1112 2651 1163 2690 suas

79 2705 142 2752 Nam
161 2706 183 2754 ei
202 2708 288 2767 Aureli
309 2722 384 2768 super
408 2722 457 2758 uno
479 2711 608 2770 peccatore
631 2712 751 2761 beneficio
762 2712 888 2771 crucis,iu
900 2712 1010 2773 passione
1019 2709 1116 2771 propria
1123 2708 1165 2756 iu·

80 2775 253 2833 paenitentiam
279 2777 367 2836 agente
391 2779 520 2838 letantur,
549 2780 608 2839 quia
631 2783 780 2830 turaeinstar
797 2781 956 2831 beatitudinis
974 2775 1164 2836 exhibebat3ot

80 2842 177 2891 lucrum
186 2857 258 2892 suum
267 2848 354 2906 putant
365 2847 609 2895 homiuisredemtio-
631 2863 704 2898 nemo
715 2850 801 2911 fleret,
817 2850 866 2898 nisi
877 2850 920 2910 qui
932 2849 1022 2896 Christi
1040 2845 1162 2896 benefida

79 2924 138 2961 rtem
145 2915 257 2974 ,quanto
264 2916 342 2974 magis
350 2915 446 2962 lucrum
455 2916 492 2963 est
502 2916 609 2975 generis,
632 2931 681 2965 nou
691 2919 798 2967 teneret.

34 2988 42 2996 ·
79 2981 148 3040 quod
170 2983 209 3030 est
226 2983 323 3029 lucrum
345 2981 456 3031 naturast
475 2983 610 3031 llaereditas
661 2984 701 3032 ut.
709 2987 796 3033 Merito
804 2984 1075 3046 ergerirEvanqelicus
1085 2983 1161 3031 dicit:

78 3048 169 3098 Christi
178 3051 215 3098 est
225 3050 382 3098 resurrectio.
399 3052 467 3099 Hanc
478 3051 609 3112 quisquam
631 3056 771 3102 hereditate
782 3056 876 3115 quesivi
883 3057 1013 3102 testimonio
1021 3055 1164 3100 moinoeter-

79 3117 198 3166 damnum
218 3132 291 3167 suum
318 3119 423 3179 dixerit,
442 3133 496 3180 quar
515 3119 541 3165 in
559 3132 609 3166 nno
632 3124 953 3184 num,·qnoniomrnsoltotio
964 3123 1162 3170 mrdisnrctsuat.

79 3187 217 3234 eommunis
224 3188 403 3246 gratiaenomen
414 3186 524 3237 inveniti
531 3188 610 3236 Chris·
631 3192 692 3251 Quis
700 3204 749 3240 non
761 3192 878 3251 exsultet,
884 3191 928 3252 qui
939 3192 1028 3239 coelum
1036 3191 1061 3237 et
1072 3190 1164 3236 terram

78 3254 121 3302 tus
132 3255 201 3302 enim
212 3268 322 3316 surgens,
331 3257 445 3304 omuibus
457 3259 609 3316 resurrexit3
633 3261 777 3309 haereditate
784 3257 916 3322 quesivit(
926 3272 980 3320 quan
987 3258 1163 3307 dnoelcmcnta

79 3324 196 3383 quoniam
203 3338 249 3386 per
258 3326 383 3375 hominem
391 3327 538 3375 resurrectio
545 3341 610 3375 mor·
632 3331 783 3379 contestatus
793 3331 831 3378 est
840 3329 915 3376 etiarn
924 3329 1003 3386 Deus,
1015 3339 1071 3375 cum
1081 3326 1163 3385 legem

78 3391 188 3441 tuorum.
197 3396 321 3453 Quomodo
333 3396 493 3456 igiturpotest
503 3397 610 3458 singulo
632 3397 722 3461 daret)
738 3399 797 3459 quia
817 3397 932 3460 quaesivit
951 3396 1045 3455 Deum,
1064 3395 1096 3443 de
1113 3406 1163 3455 quo

80 3471 136 3508 rum
154 3474 207 3511 esse
225 3463 395 3524 dispendium,
410 3477 466 3524 qum
481 3465 519 3513 est
535 3466 610 3514 totius
632 3468 694 3516 dicit
711 3468 814 3516 Sanctus
830 3481 837 3515 z
854 3468 936 3515 Pontio
956 3480 1009 3514 neco
1027 3466 1163 3514 Dumium

15 3532 18 3537 '
80 3533 188 3590 corporis
199 3533 225 3580 ct
235 3533 336 3581 humani
346 3534 444 3592 generis
455 3533 610 3583 reformatio?
632 3534 883 3597 quaesivitllominum
888 3536 981 3595 iesum,
988 3533 1102 3595 quaesivit
1107 3533 1163 3593 spr-

80 3599 211 3651 Recitetur
225 3603 308 3663 itaque
322 3604 519 3662 Testamentum,
531 3607 557 3652 et
571 3606 609 3652 iu·
632 3606 709 3653 ritum
729 3605 854 3664 sanctum3
876 3606 902 3652 et
918 3604 973 3663 post
990 3604 1033 3651 illa
1048 3601 1164 3664 quesivit

80 3669 558 3731 stitutiouesejusconsideremus.Testis
568 3689 609 3721 oo·
633 3674 750 3731 Angelos,
767 3673 792 3720 et
804 3685 860 3719 cum
870 3670 1007 3729 interivit,
1023 3683 1072 3718 non
1088 3670 1162 3718 hodie

81 3740 128 3786 em
137 3741 204 3790 nobb
212 3744 235 3790 ct
245 3742 346 3802 spiritus
360 3743 463 3788 sanctus.
475 3742 534 3789 Com
548 3744 610 3789 enim
619 3774 623 3792 .
633 3741 730 3787 tanturn
748 3740 774 3787 et
788 3752 853 3799 cras,
865 3739 909 3788 scd
926 3739 953 3786 in
967 3734 1105 3787 'aetcrnumz
1116 3748 1162 3784 nec

80 3807 257 3857 tarentinos
275 3812 354 3858 aalma
372 3811 533 3857 testamentum
550 3813 610 3869 quod
634 3809 693 3856 ullis
710 3820 755 3868 pro
775 3807 993 3864 nominenomiui
1004 3804 1162 3854 contristatur

80 3877 183 3926 metabor
198 3879 229 3926 ud
245 3879 310 3936 illos,
327 3879 383 3926 dicit
397 3880 522 3927 Dominus.
542 3878 610 3926 Dabo
635 3875 750 3935 injuriis?
770 3877 882 3937 Denique
902 3873 1041 3935 gandebant
1058 3871 1161 3931 apostoli

81 3945 141 4006 horr
150 3958 213 3994 meos
223 3947 365 3996 incedebas
378 3960 474 4005 omnm,
489 3948 512 3995 et
521 3948 547 3993 in
557 3960 610 3994 sen·
635 3957 691 3992 curn
708 3945 912 4005 verberarentur,
930 3955 988 3992 cum
1002 3941 1030 3988 iu
1039 3949 1162 3988 carcerem

80 4013 235 4063 dioscorum
243 4015 564 4076 ambonem,etpeccntiet
575 4017 611 4062 io·
635 4013 801 4062 truderentur.

81 4082 177 4143 institis
193 4097 274 4132 eman
289 4097 336 4132 noa
354 4083 538 4151 mommoleno
549 4095 608 4132 rere
665 4081 703 4130 tt.
725 4082 854 4132 Exsultans
875 4078 997 4142 igiturin
1014 4073 1161 4125 testimoniis
