2760 4794
417 429 452 473 lu
466 429 626 475 PSALMUM
640 430 752 478 CXVIII
766 431 953 480 EXPOSlTIO.
1190 435 1234 483 aul

154 509 211 568 quio
225 507 311 568 lepidus
321 521 358 566 cs,
370 507 480 570 incipiam
495 514 516 558 tc
530 527 633 560 roomo-e
650 527 681 560 rr
706 515 764 561 Erat
779 516 852 563 bomo
867 516 1016 564 abscondens
1031 528 1154 565 sennones
1163 529 1234 579 suos,

156 589 196 624 orc
206 591 265 624 meo.
282 578 372 637 Aperte
381 580 557 639 negligentiam
575 583 681 642 graviori
704 585 733 630 ut
747 586 870 642 apostolus
879 587 981 646 Paulus,
991 586 1036 646 qui
1047 586 1117 634 novit
1127 587 1188 646 quid
1199 588 1236 634 lo·

156 644 254 692 damnat
267 646 375 706 judicio,
391 661 464 708 quarn
481 649 681 710 imprudentiam.
705 655 795 712 quatur
804 655 922 714 singulis,
937 656 964 703 et
982 655 1078 716 quarmo
1092 656 1153 715 quid
1168 656 1234 715 loqui

154 712 265 772 Frigidus
284 715 321 762 est
339 715 407 762 enim
422 716 467 776 qui
482 717 557 766 tidem
575 719 657 766 nescit
673 734 681 768 =
706 721 805 770 debeat.
823 724 892 770 Unde
907 724 934 771 et
947 722 1078 772 Corinthiis
1092 723 1154 772 dicit
1166 737 1173 770 ε
1184 727 1234 772 boc

154 781 248 830 calidus
258 783 302 842 qui
313 783 418 842 Spiritus
430 785 509 832 sancti
519 785 616 835 terrore
626 800 681 836 suo-
705 790 770 838 oobs's
787 795 866 850 potum
885 793 1003 851 dedicore
1021 806 1112 852 escum,·
1130 795 1235 845 nondum

153 853 353 911 ceususest.Qui
365 866 422 912 ergo
439 855 544 903 calorem
556 856 615 903 fidei
630 869 680 906 non
705 861 767 906 cuim
785 863 898 920 petralta
916 877 925 908 r
940 864 979 911 reo
995 875 1036 910 nec
1052 862 1127 908 adbuc
1142 863 1234 921 quidem
1291 849 1297 869 ⁸

152 917 238 977 habet,
248 919 401 968 tolerabilius
409 921 447 968 illi
458 921 539 970 iuerat
548 923 621 971 tidem
632 936 682 987 nou
703 928 805 984 potestis.
819 926 876 975 ldeo
887 928 930 975 bos
940 928 966 974 in
973 928 1078 976 transitu
1085 926 1169 975 ridet:
1181 938 1234 974 ma·
1262 974 1265 979 ,

152 988 294 1053 accepisse,
305 1002 379 1050 quam
394 993 542 1052 neglexisse.
554 993 596 1040 Est
615 995 681 1041 enim
705 991 749 1039 net
759 994 842 1040 autern
853 994 919 1054 apud
926 994 1043 1054 Ephesios
1051 1007 1058 1053 ;
1067 994 1132 1054 quod
1143 993 1234 1042 ostium

153 1057 252 1118 tepidus
267 1058 338 1118 pejor
356 1059 460 1119 frigido,
476 1060 505 1107 ut
526 1060 624 1108 Iudaeus
638 1063 681 1122 qui
705 1059 752 1106 sibi
764 1061 879 1122 maguum
890 1063 1003 1122 apertum
1013 1061 1090 1120 esset,
1101 1063 1187 1109 notum
1196 1061 1234 1109 ta·

153 1124 201 1173 sibi
220 1126 320 1174 ridetur
333 1127 410 1174 linem
429 1128 522 1175 habere
540 1141 615 1188 quarn
632 1143 682 1178 non
704 1140 762 1175 cere
775 1130 891 1189 gentihus
906 1129 1050 1190 mysterium
1068 1129 1234 1178 christi-ideo

153 1192 237 1242 babet.
255 1196 350 1253 Quanto
369 1196 563 1245 tolerabiliorem
584 1212 682 1247 causam
705 1197 731 1242 et
743 1197 965 1258 Salomontempus
974 1198 1088 1256 meandi,
1099 1198 1233 1258 etterupus
1303 1192 1306 1197 ’
1330 1188 1332 1193 ’

154 1261 254 1319 gentilis
264 1263 353 1322 babet,
364 1265 407 1324 qui
417 1265 500 1324 potest
516 1265 599 1314 dicere
612 1280 618 1312 :
630 1269 682 1315 Non
705 1275 760 1311 esse
772 1266 888 1325 loquendi
900 1267 979 1314 docet.

153 1330 257 1390 cognovi
267 1333 371 1391 Legem,
382 1344 431 1379 uon
443 1334 527 1381 audiri
538 1335 680 1394 prophetas,
735 1333 934 1382 26.Praecaeieris
945 1336 1028 1383 autem
1036 1334 1154 1382 Dominus
1162 1335 1234 1382 Iesus

154 1398 211 1447 ideo
228 1413 278 1448 non
288 1401 396 1462 credidi;
412 1414 485 1462 quam
500 1403 544 1450 ille
561 1403 604 1463 qui
620 1398 681 1464 legit
705 1398 731 1445 in
741 1402 873 1462 araneolis
880 1403 1048 1462 declaratam,
1058 1400 1232 1450 dicenssimile

152 1468 243 1529 omnia,
254 1469 384 1535 exquibus
391 1471 525 1519 venturum
533 1471 617 1520 Iesum
626 1485 681 1520 cre·
704 1479 757 1516 esse
767 1481 871 1529 regnum
882 1472 999 1519 coelorum
1007 1472 1122 1518 thesauro
1132 1470 1234 1518 abscon·

151 1537 236 1597 deret,
247 1538 273 1585 et
283 1551 333 1586 non
347 1539 467 1587 credidit?
477 1540 569 1588 Neuter
577 1540 680 1600 quidem
703 1537 754 1584 dito
762 1539 789 1584 in
797 1551 863 1600 agro.
875 1540 965 1599 Utique
972 1552 1022 1588 nou
1033 1551 1184 1597 aurum,nou
1194 1550 1234 1586 ar·

152 1606 293 1664 excusatur,
308 1620 355 1655 nac
370 1608 413 1656 ille
424 1608 467 1668 qni
484 1609 562 1667 legit,
576 1620 623 1656 nec
635 1609 679 1656 ille
702 1606 874 1666 consummor
889 1607 995 1667 pecunia
1005 1607 1142 1668 comparari
1152 1607 1234 1667 potest
1316 1603 1318 1607 ’

150 1675 194 1735 qni
209 1675 291 1734 legere
302 1675 399 1733 noluit:
411 1675 456 1724 sed
472 1677 529 1734 plus
539 1676 677 1736 delinquit,
701 1683 776 1732 regno
793 1677 910 1722 coelorum
925 1675 987 1724 rsed
1001 1676 1099 1736 eloquia
1116 1674 1232 1733 Domini,

151 1744 195 1804 qui
211 1744 313 1804 negavit
333 1745 399 1804 quod
413 1744 522 1804 legerat,
540 1757 616 1804 quam
633 1747 678 1806 qui
702 1741 1232 1804 eloquiaeasta,arqent1mlgueexamina-

151 1812 678 1874 operanouieclt,quaetacIeudanoucog-
701 1808 763 1868 tum,
773 1811 864 1870 quibus
874 1814 955 1872 ipsum
969 1825 1071 1872 requum
1080 1811 1229 1872 adquiritur.
1297 1807 1301 1817 '

150 1881 228 1928 novit.
246 1881 343 1938 Quanta
359 1881 442 1932 mnam
459 1881 518 1929 tidei
532 1882 559 1930 et
573 1881 678 1939 iustitiae
701 1879 771 1926 Hunc
782 1893 838 1939 erqo
848 1882 989 1929 thesaurum
999 1880 1127 1941 sapiemiae
1139 1879 1164 1926 et
1174 1892 1231 1939 cog-

150 1948 228 2008 petia
238 1949 289 2007 est,
299 1949 418 1997 utinore
427 1949 473 1996 Dei
483 1948 531 2009 sit,
543 1950 586 2009 qui
604 1950 677 1998 tidem
700 1947 802 1994 ultionis
818 1949 987 1998 absconditum
1002 1948 1030 1996 in
1045 1960 1121 2008 agro,
1135 1947 1163 1993 in
1182 1960 1231 2006 quo

150 2018 235 2074 tenet,
252 2018 279 2065 et
290 2029 366 2077 opera
384 2019 488 2067 exercet
505 2018 632 2078 iustitia:
652 2020 678 2067 et
701 2016 809 2073 plantata
826 2017 884 2064 sunt
893 2019 970 2065 verba
988 2016 1169 2077 seripturarum
1180 2028 1231 2062 σω·

147 2086 268 2146 quantum
281 2086 386 2146 amittit,
397 2100 471 2146 quem
489 2087 627 2136 evomuerit
644 2101 678 2136 ex
701 2083 1096 2144 lastium3cumiuvcueritlromo,
1104 2083 1231 2131 abscondit

150 2166 192 2203 ore
202 2167 246 2204 suo
256 2155 375 2204 Dominus
391 2157 476 2216 Iesus,
489 2156 515 2204 et
525 2168 557 2203 ex
567 2155 619 2204 suis
628 2157 678 2204 vir.
701 2149 771 2197 illum
782 2152 808 2198 in
819 2153 959 2211 comesne,
976 2166 1023 2200 nec
1032 2152 1143 2210 divulgat
1154 2163 1210 2198 eum
1221 2165 1229 2197 r
1328 2193 1330 2196 Α

149 2225 247 2273 ceribus
254 2223 357 2283 ejecerit
368 2239 376 2272 a
387 2238 460 2285 quam
469 2225 622 2286 piustamen,
632 2227 677 2286 qui
701 2218 781 2267 sciens
794 2220 854 2281 quia
870 2220 892 2268 si
907 2220 1073 2280 divulgaverit
1088 2219 1229 2280 Babyloniis

150 2293 177 2340 et
191 2292 269 2352 justos
285 2293 311 2340 in
327 2306 369 2341 ore
379 2306 423 2343 suo
434 2294 516 2352 tenet,
533 2293 678 2352 et‘injustos
701 2287 844 2336 thesaurum
851 2289 912 2347 Det,
925 2301 1036 2348 masuam
1047 2287 1230 2335 offensamcon·

150 2371 199 2408 nou
208 2363 265 2410 aute
274 2361 378 2420 evomit,
389 2373 464 2421 quarn
475 2361 608 2410 denuntiet
617 2375 677 2411 evo·
701 2355 798 2415 “illiti
814 2357 844 2405 ut
852 2356 949 2404 (fleatur
964 2356 989 2404 θί
999 2366 1111 2403 8ΜοΠο
1121 2354 1229 2414 ΡῐθΡῙὶθ·

147 2430 261 2496 mendos3
272 2432 301 2479 ut
311 2432 351 2480 vel
359 2431 499 2490 biqusmodi
509 2431 676 2481 admonitione
701 2423 749 2471 ῑίοθ
763 2436 770 2470 2
783 2428 819 2473 De
826 2427 912 2473 timim
920 2428 961 2473 ¹¹⁴⁰
971 2425 1092 2484 mittetis
1110 2427 1132 2471 ti
1142 2424 1228 2483 Mill

148 2500 260 2547 conversi
277 2499 377 2558 dignum
388 2500 482 2560 aliqmd
491 2500 616 2560 efficiant,
625 2514 677 2561 quo
699 2495 810 2552 medones
819 2497 844 2542 ta
854 2496 921 2542 domo
931 2496 1000 2554 repis
1012 2494 1058 2540 Per
1067 2506 1121 2553 quae
1134 2491 1228 2552 signiti-

148 2570 338 2621 nouromantur.
344 2569 413 2616 Nunc
418 2567 520 2617 tertium
525 2569 675 2623 versiculum
700 2562 834 2624 caturquia
844 2562 866 2609 is
876 2562 918 2622 qui
929 2560 1153 2622 prodideritdivlna
1163 2572 1229 2620 mys·

148 2635 339 2684 consideremus.
698 2630 777 2689 teria,
794 2630 965 2688 posteritatem
986 2629 1075 2676 animae
1095 2641 1164 2688 sun,
1183 2640 1229 2677 se-

177 2704 217 2750 it.
235 2706 265 2751 la
279 2706 347 2751 corde
360 2716 428 2763 mcc,
449 2704 545 2765 inquit,
566 2705 677 2756 alym
699 2698 878 2760 minariumque
898 2697 1043 2746 meritorum
1062 2697 1154 2744 babere
1175 2708 1225 2744 nou

148 2774 238 2834 cloquio
245 2775 328 2833 loqu
336 2786 479 2834 ooomcocm
487 2775 536 2823 tibi.
543 2775 675 2834 Propterea
696 2767 783 2825 imisit·

148 2853 204 2901 ergo
221 2841 368 2902 mysterium
381 2841 447 2900 regis
464 2842 555 2889 bonum
566 2847 604 2890 est
619 2843 675 2890 abs-
727 2835 767 2882 2⁷.
783 2835 846 2885 Care
860 2846 920 2895 erqo
936 2846 969 2883 ue
985 2833 1085 2883 divitias
1100 2835 1154 2882 tuas
1169 2848 1227 2895 per-

147 2909 266 2967 condere3
280 2908 367 2968 peccat
381 2908 448 2955 enim
464 2910 533 2966 Deo,
547 2909 590 2968 qui
605 2921 674 2956 com·
698 2902 752 2952 fidis
761 2904 931 2964 prodaszatei
944 2903 1079 2952 amicitiam
1093 2901 1227 2961 simulent,

145 2978 220 3025 missa
240 2977 287 3023 sibi
303 2976 398 3023 secreta
411 2976 530 3034 mysteria
547 2977 675 3034 putaverit
697 2983 747 3018 non
758 2972 807 3019 illis
817 2972 912 3030 aperias
927 2971 1045 3020 interiora
1060 2971 1146 3018 domus
1162 2973 1226 3030 tuae,

146 3044 254 3104 irrdIguis
268 3055 320 3090 esse
331 3043 459 3100 vulganda.
470 3044 610 3090 Periculum
627 3045 675 3091 ita·
698 3050 748 3086 uon
757 3050 851 3086 reseres
868 3039 996 3087 thesauros
1005 3039 1098 3097 regios,
1108 3051 1170 3098 quos
1180 3041 1228 3087 Ba-
1272 3053 1274 3058 ⁴

146 3124 195 3171 que
201 3111 293 3160 estnon
300 3111 379 3157 solum
386 3109 446 3156 ialsa
453 3110 674 3167 dicere,sedetiam
697 3106 791 3166 bylonii
799 3106 864 3154 scire
873 3118 924 3154 non
934 3106 1039 3164 debean
1047 3118 1079 3153 ue
1091 3107 1192 3154 vcutant
1202 3108 1228 3156 et

147 3191 221 3237 rera3
242 3179 332 3238 siquis
348 3188 379 3224 ea
394 3177 504 3225 insinuet
518 3177 611 3237 quibus
624 3192 674 3227 nou
698 3175 795 3234 capiant
811 3176 920 3235 posteros
935 3175 1003 3231 ons,
1021 3174 1048 3222 et
1066 3175 1227 3223 seminarium

147 3248 251 3308 oportet.
269 3245 340 3305 Quod
357 3245 447 3294 vitium
467 3246 674 3306 quadripartitum
698 3241 953 3291 virtutisabseiudaut.
964 3242 1016 3289 lloc
1026 3242 1139 3302 estquod
1150 3243 1226 3290 etiarn
1289 3294 1291 3298 Α

146 3319 197 3378 est,
214 3319 255 3366 vel
265 3315 424 3374 adulationis,
440 3316 481 3364 vel
497 3317 620 3376 auaritia,
630 3318 673 3365 rel
697 3314 723 3360 in
734 3313 865 3373 Dvmqelio
873 3311 934 3360 dicit
942 3311 1060 3360 Dominus
1070 3314 1162 3361 :Nolite
1172 3316 1227 3362 mb-

143 3386 284 3446 jactautiae,
306 3387 349 3434 vel
370 3385 525 3446 loquacitatis
549 3386 670 3447 incautae;
697 3384 897 3449 tacuerqoriloa
904 3382 1225 3442 nucuporandeobsno

145 3456 202 3516 quia
213 3456 272 3503 dum
281 3454 375 3503 adulari
389 3455 444 3503 vult
453 3454 543 3515 aliquis
551 3454 575 3502 ei
587 3456 627 3502 cui
638 3457 673 3503 lo-
696 3451 755 3499 tacit
765 3450 808 3511 qui
825 3450 952 3499 abscondit
965 3451 1065 3510 eloquia
1081 3451 1180 3498 Domini
1198 3452 1225 3499 in

143 3524 244 3584 quitur,
262 3522 366 3573 effundit
382 3524 536 3584 mysterium.
557 3525 672 3572 Nonnulli
696 3520 768 3567 corde
783 3514 841 3578 sno,
852 3519 916 3567 deut
927 3519 1091 3568 abscondebat
1105 3521 1225 3580 propbeta

145 3592 219 3640 etiam
226 3593 307 3641 studio
320 3591 385 3638 lucri
399 3593 539 3643 mercedem
553 3593 673 3652 proditio-
695 3589 788 3646 David,
808 3588 874 3636 sieut
894 3588 970 3636 illaria
987 3601 1045 3648 qua
1065 3590 1226 3638 conservabat

144 3661 340 3722 ulssequuutur3
351 3661 380 3706 ut
390 3661 495 3720 tegenda
505 3661 603 3708 silentio
610 3675 673 3710 ven·
696 3657 778 3706 omnia
785 3658 861 3706 rerba
871 3658 971 3705 Domini
982 3659 1041 3705 lesu
1051 3658 1079 3704 in
1086 3660 1162 3707 corda
1170 3670 1225 3707 suo.

143 3728 204 3777 dant
213 3728 345 3789 loquendo.
357 3727 421 3786 alil,
435 3730 465 3775 ut
474 3728 544 3786 plura
556 3740 626 3776 nosse
634 3729 672 3777 vi·
696 3726 793 3773 Etenim
802 3726 920 3776 sibonum
927 3728 965 3775 est
974 3726 1027 3775 viro
1035 3738 1160 3774 sermones
1168 3738 1224 3773 suos

143 3795 260 3854 deantur,
271 3797 296 3844 et
311 3795 442 3842 scientiam
460 3807 529 3842 suam
542 3795 672 3856 iactitant,
696 3794 856 3855 abscondere3
873 3797 965 3855 quanto
983 3796 1061 3856 magis
1083 3805 1223 3842 sermonem

144 3864 327 3924 aperiuntquod
336 3863 549 3911 oelaredebereut.
557 3864 672 3924 Plerique
696 3864 743 3910 Dei
754 3862 916 3912 cordisnostri
928 3865 1021 3923 qrenuo
1035 3861 1154 3909 debemus
1163 3872 1224 3920 ope-

145 3932 205 3979 dum
219 3933 272 3981 siue
288 3932 381 3991 judicio
402 3932 552 3992 loquuntur,
567 3933 671 3980 verbum
695 3930 754 3990 rire,
763 3931 881 3980 debemus
890 3929 1057 3980 absconderet

144 3997 273 4058 emittunt,
283 3996 353 4059 quod
365 4011 482 4047 revocare
500 4010 550 4045 non
560 3998 669 4058 possunt.
725 3999 763 4047 28.
774 4000 865 4057 Quarto
877 4013 950 4049 versu
960 3997 1021 4046 dicit
1032 3997 1182 4044 :Benedictio
1189 4010 1222 4054 cs,

143 4064 249 4118 ldeorir
260 4065 473 4125 laudaturserius‚
485 4066 569 4116 etnon
583 4066 669 4116 otiose
694 4064 1222 4127 uomsmroocemcjuorucouococoas.uon
1319 4061 1320 4064 ’
1374 4034 1375 4039 ¹

1088 4129 1123 4172 la.
