2760 4794
120 529 166 576 ss'lti
525 532 643 576 sancei
659 530 820 577 nubaosu

117 614 245 675 passiones
263 611 416 671 ignominiae,
437 613 586 672 quicumque
603 614 648 660 ali·
676 617 729 660 colo
741 617 812 661 too...
822 612 880 659 oodc
889 613 914 658 in
919 624 986 672 poce.
996 611 1047 661 Sed
1054 612 1092 660 ita
1099 622 1149 660 non
1158 621 1212 658 con·

121 680 346 743 quidlnhonestum
357 680 547 737 commiserunt,
558 683 650 729 ullum·
677 679 802 738 tunditur,
813 680 835 728 si
846 679 958 728 fueritin
969 691 1000 727 eo
1010 680 1118 740 operata
1127 691 1211 739 pecca·

121 761 169 810 que
177 748 256 807 culpas
267 746 376 808 pretium
385 747 476 794 lerunt.
487 749 600 808 Denique
608 760 650 796 cos
676 753 756 798 torum
768 750 895 809 remissio;
907 751 996 798 utnon
1005 751 1090 798 solum
1100 752 1210 810 peccata,

121 817 163 877 qui
170 817 404 876 cognitorcmDeum
416 828 516 864 suorum
527 819 649 864 scelerum
675 819 719 866 scd
738 819 813 866 ctiam
830 819 950 878 peccandi
968 819 1091 867 adactum
1106 818 1208 865 antemi.

122 898 172 933 non
185 886 320 945 putabant,
331 885 357 931 ct
375 885 443 944 quasi
458 885 512 932 sine
525 886 608 942 jndice
623 888 649 933 ct
675 887 774 934 lustitia
785 887 896 934 remittat
910 886 1060 946 iniquitates
1073 918 1082 945 ,
1093 882 1221 933 fortitudo

121 953 175 1000 sine
188 954 243 1012 lege
257 953 387 1013 vivebant,
405 954 510 1001 liudwit
528 955 593 1010 illos,
613 954 650 1000 in·
675 957 802 1015 timorem,
813 956 978 1016 temperantia
989 955 1170 1016 impuritates3
1182 954 1209 1001 ui

120 1021 188 1082 quit,
206 1024 269 1069 licia
284 1023 310 1068 in
327 1022 452 1081 reprobum
468 1034 575 1082 sensam
591 1022 649 1081 quia
675 1034 724 1069 non
735 1025 813 1070 solum
829 1023 985 1082 temporalis,
995 1023 1042 1070 sed
1059 1022 1138 1069 etiam
1153 1033 1208 1081 per·

122 1089 556 1150 elcgemntviaminiquitatisariam
565 1092 648 1138 autem
675 1093 750 1150 potua
768 1092 811 1139 hat
826 1091 939 1139 remissio
949 1093 1123 1151 peccatorum.
1134 1090 1207 1137 lutret

122 1159 235 1207 veritatis
245 1159 337 1219 eliqcre
347 1160 489 1207 noluerunt.
675 1161 701 1207 in
713 1160 819 1208 animam
830 1162 898 1208 tuam
908 1162 1032 1219 christus,
1043 1159 1174 1207 inhabitet
1183 1158 1207 1206 in

151 1228 191 1276 25.
200 1229 250 1277 Sed
255 1229 377 1290 Propheta
386 1228 429 1287 qui
437 1229 532 1277 sincero
539 1229 649 1276 converti
675 1229 725 1276 tuis
736 1230 859 1277 urentibus
869 1230 951 1287 lesus3
962 1227 991 1276 ut
1004 1229 1031 1275 in
1047 1227 1208 1277 tabernaculo

121 1298 201 1346 rolnit
216 1298 320 1356 adactu,
338 1300 422 1355 Viam,
437 1296 531 1358 inquit,
546 1299 650 1346 ocritotis
674 1296 775 1344 virtutis
786 1297 886 1357 peccato
901 1298 969 1345 locus
987 1309 1042 1344 esse
1053 1309 1109 1345 non
1123 1295 1205 1357 possit.

121 1369 178 1428 cleqi
189 1381 197 1414 r
203 1368 293 1427 judicio
304 1370 345 1414 loo
360 1379 408 1413 non
425 1380 478 1414 sam
494 1366 585 1414 oblitos.
597 1367 650 1413 Non
705 1364 744 1411 27.
763 1367 849 1423 Viam,
864 1365 1143 1426 inquinamentorum
1157 1367 1206 1413 luo·

121 1437 202 1495 potest
210 1436 257 1483 hoc
264 1435 357 1494 dicere,
366 1435 409 1494 qul
418 1435 483 1482 errat
494 1435 520 1481 in
527 1434 648 1495 dogmate.
674 1446 729 1479 rum
740 1436 850 1491 cacani,
863 1447 916 1481 cum
931 1434 1046 1482 dolatores
1063 1447 1108 1482 cor
1123 1446 1205 1481 marn.

121 1504 173 1551 Non
185 1504 266 1565 potest
276 1503 386 1550 arrianus
396 1503 496 1561 dicore,
506 1514 555 1549 non
569 1503 650 1564 potest
674 1501 759 1561 Neque
775 1501 843 1549 enim
860 1502 957 1562 poterat
974 1501 1041 1550 riam
1058 1498 1205 1562 currero,si

121 1571 284 1630 sabellianus,
299 1583 349 1619 non
361 1571 511 1618 manicheus
522 1584 529 1616 ι
542 1583 592 1618 non
605 1584 651 1632 po-
675 1569 779 1627 sorcius
789 1570 940 1618 coarteretur
950 1570 1084 1631 angustiis.
1096 1571 1205 1631 Deniqm

120 1638 170 1686 test
188 1637 271 1686 dicore
289 1650 397 1698 avarus,
416 1637 459 1698 qul
480 1638 606 1685 saecularia
624 1640 650 1687 et
675 1638 906 1686 currentibnsviam
913 1638 1208 1700 Dominlaitdpostolusr

120 1705 260 1754 materialia
276 1705 427 1765 concupiscit
438 1719 445 1752 r
456 1717 505 1752 non
520 1707 601 1766 potest
611 1706 650 1753 di·
674 1707 816 1755 Ditotomiai
825 1710 847 1755 ct
856 1722 897 1755 ooo
902 1740 910 1766 ,
921 1711 944 1756 ci
953 1709 1025 1756 nolite
1030 1707 1123 1768 §aqum
1130 1710 1205 1756 moena

121 1787 178 1822 cere
187 1777 231 1834 qni
244 1775 399 1836 negotiatum
416 1786 466 1822 non
478 1775 514 1822 est
526 1775 593 1823 enim
609 1776 650 1824 ria
675 1774 728 1821 cum
737 1777 874 1834 infidelibus.
884 1776 951 1824 Etde
961 1788 987 1823 se
996 1775 1050 1823 ait:
1061 1777 1205 1826 Oanoetmn

121 1842 250 1902 veritatis,
264 1843 374 1891 habendi
388 1843 510 1903 studium,
528 1843 650 1902 cupiditas
672 1845 737 1901 potet
753 1845 784 1890 od
798 1858 852 1901 ooo,
868 1858 881 1892 o
897 1845 1028 1902 Corinthii,
1044 1858 1091 1892 cor
1103 1848 1205 1894 nmina

121 1910 273 1972 possidendi.
280 1911 404 1971 Quomodo
413 1911 454 1960 ria
463 1911 586 1970 remmus,
593 1925 650 1959 cum
675 1913 798 1959 dilatatum
808 1916 850 1961 cot.
861 1912 919 1961 Ideo
927 1914 953 1961 ct
961 1912 993 1960 dc
1005 1912 1140 1961 Salomone
1150 1912 1205 1960 dici·

120 1980 165 2028 ille
187 1980 259 2029 dives
279 1981 307 2027 in
329 1981 419 2028 seculo
439 1981 547 2040 nequeat
566 1993 650 2027 secum
675 1979 715 2025 tur
730 1993 738 2025 r
753 1983 863 2029 Lotitado
881 1982 956 2029 cordio
972 1981 1038 2040 qus,
1055 1982 1121 2030 sicut
1136 1993 1204 2029 oman

104 2060 177 2105 ,snas
198 2047 332 2095 hansierre
358 2047 476 2106 divitias,
497 2047 522 2094 et
546 2047 650 2107 incipiat
674 2049 798 2096 mortalit
814 2050 871 2096 vide
888 2049 1049 2098 distantiama
1063 2050 1109 2098 via
1124 2050 1205 2098 sitan·

120 2115 235 2162 mendico
249 2114 293 2162 illo
308 2117 397 2162 Lazaro
412 2115 523 2175 egentior
533 2127 586 2162 esse
596 2115 650 2174 post
675 2117 782 2176 gustior,
793 2129 835 2165 cor
848 2118 937 2177 latius,
952 2119 981 2165 ut
991 2117 1088 2176 Patris,
1101 2118 1128 2165 et
1138 2119 1221 2179 Filii,-

119 2183 239 2232 mortcm!
254 2185 308 2231 Non
325 2184 363 2231 est
380 2183 420 2232 ria
440 2183 555 2232 veritatis
572 2185 650 2232 honor
675 2183 700 2231 ct
708 2185 815 2245 Spiritus
825 2187 903 2234 sancti
913 2186 1033 2235 sustineat
1042 2187 1204 2247 mansionem

120 2253 220 2312 aemili,
230 2252 369 2300 sollicitudo
380 2253 474 2299 muudi.
486 2253 598 2312 Denique
606 2253 649 2313 qni
674 2264 706 2299 ne
721 2254 807 2301 veniat
820 2256 929 2302 Verbum
944 2254 988 2301 Dei
999 2287 1008 2313 ,
1025 2255 1051 2301 ct
1067 2255 1169 2316 pulset,
1182 2255 1206 2302 et

119 2320 187 2368 viam
197 2321 310 2369 veritatis
321 2320 411 2380 elegit,
422 2321 495 2381 paulo
506 2323 561 2380 post
571 2321 648 2369 dicit't
674 2320 763 2369 videns
774 2321 853 2369 cordis
865 2322 918 2380 eius
936 2322 1078 2382 angustias,
1089 2323 1205 2384 dedigno-

120 2389 203 2436 Aocrtc
217 2391 295 2437 oculor
305 2402 382 2446 meos,
395 2402 425 2435 ne
445 2390 539 2436 videam
554 2392 650 2437 vanito-
674 2387 716 2434 tur
726 2389 847 2436 habitare.
858 2390 972 2449 Denique
981 2389 1109 2449 sapientia
1120 2391 1147 2437 ln
1155 2391 1205 2439 exi·

121 2462 175 2506 tcm.
191 2459 292 2507 vanitas
307 2457 480 2517 temporalium
492 2458 529 2505 est
539 2491 547 2517 ,
558 2459 649 2507 veritas
674 2456 701 2502 tu
710 2457 818 2516 canitur,
826 2458 853 2504 iu
861 2459 950 2518 plateis
958 2458 1042 2505 antem
1050 2471 1111 2507 cum
1120 2459 1206 2507 tiducia

120 2525 277 2575 aeternorum.
287 2525 311 2572 Si
318 2526 432 2573 nolumus
439 2525 515 2583 igitur
523 2526 652 2574 ambulare
674 2525 732 2583 agit.
750 2526 838 2573 Plateae
856 2528 912 2574 lator
931 2527 996 2574 sunt.
1016 2528 1071 2574 Non
1089 2529 1167 2589 igitur
1181 2528 1204 2574 in

119 2594 187 2641 riam
204 2592 335 2649 veritatis,
353 2592 543 2651 peregrinemur
560 2596 649 2641 saeculo
673 2592 735 2650 viis,
749 2595 792 2640 scd
807 2596 834 2641 in
849 2594 928 2641 cordis
939 2595 1072 2643 latitudine
1085 2597 1205 2656 sapientia

119 2660 197 2718 magis
215 2671 289 2718 quarn
308 2660 374 2716 Deo,
393 2659 419 2705 et
434 2659 587 2706 ambulemus
604 2674 649 2720 per
674 2659 827 2710 decantatur.
841 2665 869 2709 ln
881 2663 926 2709 hoc
944 2663 1021 2722 igitur
1040 2665 1205 2725 campointe·

119 2728 203 2775 fidem.
221 2727 269 2784 Qui
287 2727 354 2774 enim
373 2738 418 2786 per
434 2726 507 2774 tidem
523 2728 647 2788 ambulat,
673 2728 746 2777 rioris
756 2731 876 2790 hominis,
887 2743 936 2777 non
948 2731 973 2777 in
984 2732 1108 2790 angustiis
1119 2732 1205 2781 mentis

119 2797 172 2844 Deo
182 2807 290 2855 praesens
301 2795 354 2842 cst:
366 2794 409 2854 qui
419 2795 528 2842 ambulat
539 2809 585 2855 por
594 2810 650 2856 spe·
674 2799 821 2845 currendum
832 2801 902 2846 nobis
913 2801 961 2859 cst,
971 2801 1000 2846 ut
1008 2803 1204 2860 comprehenda-

120 2865 205 2924 ciem,
225 2864 295 2911 adest
316 2864 426 2922 seculo,
445 2864 648 2924 peregrinatura
673 2877 736 2913 mus.
754 2867 876 2926 Scriptum
892 2870 928 2914 cst
945 2869 1013 2914 enirn
1026 2882 1032 2912 ε
1046 2871 1087 2916 Sic
1106 2874 1203 2927 cande,
1232 2922 1236 2928 ,

118 2934 224 2981 Domino
235 2947 242 2978 a
254 2932 348 2981 sedhic
360 2932 409 2980 cito
419 2932 585 2981 confunditur.
673 2937 699 2981 nt
710 2949 789 2983 omnes
800 2937 1004 2996 comprehendatis.
1014 2936 1133 2997 Denique
1142 2951 1203 2986 com-

150 3002 189 3049 26.
201 3003 270 3049 Unde
280 3002 380 3061 refugus
396 3002 426 3049 ab
438 3002 577 3060 hujusmodi
595 3001 648 3051 niro
673 3003 818 3061 prehendit,
828 3005 870 3063 qni
880 3003 914 3050 ita
923 3003 1048 3063 cucurrit,
1057 3005 1088 3051 ut
1097 3005 1203 3054 diceret:

120 3072 181 3119 dicit
202 3071 281 3119 David
293 3084 299 3117 :
313 3071 407 3119 Adboen
427 3073 561 3118 testimoniis
580 3073 627 3118 tois
637 3103 646 3128 ,
674 3072 954 3131 Carsomconeammori3
972 3071 1083 3121 cucurrit
1100 3074 1203 3122 enimut

118 3142 233 3200 Domias,·
244 3153 273 3187 nc
281 3140 411 3198 cooperarius
420 3153 466 3186 mc.
477 3139 592 3187 Adhaeret
600 3140 648 3186 tes·
672 3138 751 3185 bonus
761 3151 847 3197 equus.

118 3207 228 3255 timoniis
238 3207 338 3254 Domini
352 3206 395 3265 qui
407 3205 460 3262 eius
473 3207 587 3253 mandata
598 3219 648 3253 non
702 3206 740 3253 28.
750 3207 876 3266 Siquidem
884 3208 959 3254 habet
970 3221 1045 3267 equos
1056 3223 1117 3259 suos
1128 3212 1204 3259 chris·

118 3277 226 3335 respuit,
240 3276 335 3333 iudicia
350 3286 400 3320 non
415 3274 584 3333 obliviscitur,
600 3288 647 3322 nce
673 3274 725 3332 tus,
744 3274 774 3320 de
792 3274 883 3334 quibus
894 3274 953 3321 dicit
967 3276 1092 3334 Propheta
1104 3292 1112 3324 ι
1125 3281 1203 3327 immi·

118 3343 285 3402 voluptatibus
294 3343 406 3401 indulget
414 3343 473 3388 suls.
482 3343 530 3398 Qui
538 3343 647 3391 adhaeret
672 3344 722 3390 sisti
733 3345 757 3390 in
768 3345 831 3390 mori
841 3357 909 3403 equos
919 3347 983 3400 taos,
997 3345 1122 3394 turbontes
1133 3361 1202 3408 maor

117 3412 219 3460 Domini
229 3411 389 3469 testimoniis,
405 3411 530 3457 renuntiat
542 3414 646 3473 mundo,
672 3413 770 3470 maltam
780 3424 808 3457 eo
820 3412 885 3470 qnod
902 3412 1012 3470 gentium
1028 3416 1150 3474 populos,
1163 3415 1202 3474 qni

117 3481 253 3541 posteriora
270 3479 441 3538 obliviscitur,
452 3478 482 3525 ad
497 3480 578 3537 priora
589 3467 647 3528 'con-
672 3480 802 3526 moventur
809 3481 837 3527 ut
847 3492 916 3539 aquae
927 3480 1019 3539 multas,
1029 3481 1055 3527 et
1062 3483 1202 3530 excitantur

117 3547 212 3606 tendit3
224 3548 252 3594 ut
262 3546 392 3607 perveniat
402 3545 433 3593 ad
442 3546 570 3606 bravium,
582 3549 647 3607 quod
672 3545 700 3592 ut
714 3546 803 3594 tluctus
813 3560 931 3606 aquarum
941 3549 1090 3608 multarum,
1101 3562 1203 3610 evange·

118 3615 157 3662 est
166 3615 262 3674 insigne
274 3614 393 3662 victorie.
410 3615 462 3661 Non
477 3626 534 3674 ergo
545 3615 646 3663 contnn·
671 3615 766 3662 lizando
775 3616 951 3663 commoverint
958 3617 1202 3677 apostoli3utadsur·

117 3682 197 3743 diiur,
216 3695 290 3743 quem
309 3682 394 3730 mundi
412 3682 485 3740 huius
502 3683 646 3733 illecebrosa
671 3685 756 3742 gentes
768 3697 782 3730 a
794 3684 900 3732 terrenis
914 3685 1035 3732 idolorum
1049 3687 1202 3734 ceremoniis

117 3764 167 3799 non
177 3750 646 3812 coeperintmonooniunditnr,eham-
671 3751 698 3797 in
718 3752 841 3799 Christum
852 3754 991 3800 crederent.
1008 3753 1039 3799 nt
1054 3767 1133 3813 supra
1151 3755 1202 3803 ait:

116 3819 314 3868 siembescenda
325 3819 487 3880 commiserit,
496 3821 646 3881 quiveniam
672 3822 784 3869 Adscendi
802 3825 827 3869 in
845 3837 914 3882 equos
925 3825 976 3870 tuos
991 3838 1000 3869 .·
1014 3826 1135 3883 equitatus
1152 3828 1202 3872 tum

117 3888 263 3935 delictorum
282 3887 361 3948 poscit
382 3900 396 3934 a
416 3888 519 3937 Christo.
539 3890 646 3950 ldeoque
671 3891 768 3938 sonitus.
780 3890 929 3937 abonorum
947 3891 1201 3950 aquarumduodcca·

117 3957 279 4016 respondetur
298 3956 322 4004 ei
333 3969 340 4002 ε
351 3959 456 4012 Dimisso
470 3960 525 4006 sant
540 3959 581 4005 tihi
593 3973 646 4018 pcc·
669 3956 882 4016 jugummirahile,
893 3958 982 4017 quibus
991 3959 1068 4005 irena
1075 3961 1156 4022 pacis,
1162 3961 1203 4006 ha-

77 4021 81 4028 '
671 4025 1202 4075 benaesuntcaritatistconstrictisuntintcr

671 4104 698 4139 se
709 4088 844 4140 concordias
854 4094 972 4152 vinculis,
981 4095 1007 4141 ct
1012 4094 1072 4155 iugo
1081 4094 1142 4144 fidei
1149 4096 1202 4143 sub-

116 4071 181 4114 nant,
196 4072 220 4105 ut
235 4070 384 4107 auctoritatem
399 4072 502 4108 ostentent
517 4080 591 4116 mana,
606 4071 647 4108 reis

115 4119 163 4166 plus
176 4125 263 4158 noceam
276 4121 409 4168 impunitatis
420 4121 568 4168 indulgentia,
578 4132 643 4170 quarn
723 4160 728 4171 ,

116 4170 133 4208 a
142 4170 164 4208 m
173 4179 205 4209 eos
215 4181 286 4209 severo
295 4172 497 4210 ammadvertamus.
670 4162 740 4218 lecti,
748 4161 851 4221 quatuor
856 4161 916 4209 rotis
923 4163 1050 4223 Evangelii
1055 4164 1202 4225 mysterium
