2760 4794
140 417 188 466 876
530 416 652 461 tnttc'n
670 414 830 459 tunnostl

141 503 394 561 tmtmemernm
407 498 670 559 qnoqrenoniuroo-
694 499 768 544 rente
782 494 1036 556 unpnarnm.ltonns
1056 491 1180 556 lmpetus,
1194 494 1221 563 qt

142 573 266 617 mscrnua
279 567 452 617 transiundnnt
467 566 592 625 finitimis,
605 567 670 626 qnod
695 567 784 614 ledere
793 565 901 622 nesciet,
911 563 985 611 norit
991 563 1118 624 implere.

143 639 197 700 ipsa
214 639 378 697 radiaverint3
394 639 421 686 et
434 637 532 684 miraris
547 637 568 683 si
582 636 671 694 lloysis
724 636 764 681 δὲ.
774 635 801 682 sl
815 635 870 695 quis
879 634 960 694 igitur
971 632 1046 679 hunc
1065 632 1188 692 impetum
1199 645 1233 681 sn-

143 708 228 755 rnltus
238 706 327 754 divine
334 705 440 753 inlectus
450 705 483 753 sit
490 704 601 751 claritate
609 716 671 762 prae·
695 704 863 764 pervenientis
873 703 962 750 eooelo
970 701 1066 761 gratim
1073 702 1133 749 vult
1142 702 1231 760 mereri,

142 773 244 823 oentiaet
254 775 348 822 tliraris
357 774 379 822 si
389 774 526 834 refulgente
538 772 583 819 Dei
593 772 671 831 gratia
695 772 827 820 descendat
834 771 910 819 etiam
921 772 980 830 ipse
988 770 1078 817 oculis
1086 770 1116 817 in
1127 770 1233 818 decursus

142 843 204 902 justi
214 845 346 904 vaporetur
356 840 500 903 incenium!
508 843 561 889 Non
573 841 671 888 dubita-
695 854 822 901 aquarum.
838 841 887 899 Qni
903 841 976 888 bunc
991 840 1114 900 primum
1124 841 1232 899 impetun

144 912 182 957 vit
197 911 331 970 Propheta,
348 911 392 969 qni
409 909 521 969 poposcit
537 907 671 955 luminari
696 911 803 970 fuderit,
828 911 899 957 illum
920 908 1085 965 merebitur.
1110 908 1233 956 Descendit

144 981 230 1038 prins3
241 983 269 1027 nt
277 978 490 1037 jusutnsbonint
499 977 581 1039 posset
589 975 672 1024 addis·
695 981 773 1028 oculis
783 980 834 1028 suis
843 980 870 1026 in
879 979 923 1025 bos
935 977 1033 1026 duetus
1045 988 1233 1037 aquarumque

146 1060 211 1098 cere.
696 1051 811 1109 lacrymis
820 1047 932 1108 irrigavit
943 1047 974 1094 in
983 1047 1132 1105 evangelio
1146 1045 1233 1092 Domini

128 1160 132 1173 ,
177 1118 441 1179 w.Seqniturversns
454 1117 672 1165 octarnsrnccur·
696 1116 1233 1179 pedesretideofideisnaepretioemiteni·

143 1199 309 1248 mopiam
316 1185 672 1244 commercatricem
697 1200 742 1234 nnae
752 1200 812 1245 snae,
822 1191 848 1234 et
858 1185 970 1246 corporis
981 1184 1126 1232 sanitatem
1133 1184 1182 1244 jam
1192 1195 1232 1231 nox

145 1267 194 1301 ror
203 1258 313 1304 mtodici
324 1257 394 1315 tepens
405 1258 480 1302 tuum.
490 1253 622 1300 Granditer
637 1250 673 1297 al-
696 1257 821 1315 sanpuinis
829 1254 939 1316 proflua,
951 1253 997 1302 sed
1009 1253 1107 1312 gratim
1117 1253 1230 1313 spiritalis.

144 1324 238 1373 lectum
246 1324 417 1384 punitentiam
425 1324 533 1383 ‘emtis
543 1320 673 1381 expressit,
726 1326 766 1371 53.
778 1323 909 1372 Descendit
919 1334 982 1381 ergo
1000 1321 1091 1370 David
1107 1322 1230 1382 propheta

145 1393 230 1440 dicens
237 1393 303 1453 qna
312 1404 431 1452 eqourum
441 1391 557 1439 decumus
563 1389 628 1438 oculi
635 1387 672 1436 sni
698 1393 754 1440 ideo
761 1394 792 1441 de
800 1393 900 1455 peccato
907 1391 1017 1451 cratim
1023 1390 1231 1438 retulitDescen

146 1460 319 1508 descenderint
334 1474 342 1506 r
357 1461 411 1508 sive
421 1460 480 1520 quit
495 1471 597 1519 percos
610 1459 674 1506 tatu-
698 1462 894 1521 ditinrqnornm
903 1459 1005 1517 ductus,
1013 1459 1068 1506 hoc
1079 1459 1130 1517 est,
1137 1458 1232 1518 replerit

146 1541 220 1589 qnam
236 1531 331 1576 meatus
346 1529 493 1576 nndrntiurn
508 1528 674 1586 fluentorum,
698 1532 788 1587 eos‚et
795 1527 984 1576 decurrentium
990 1538 1122 1586 aquarum
1130 1526 1232 1587 lacrymis

146 1597 184 1644 ita
195 1597 384 1643 exuberantium
397 1598 561 1655 lacrymarum
575 1607 603 1642 se
617 1595 674 1654 qui-
698 1598 749 1645 snis
762 1597 854 1644 tlnenta
874 1594 1018 1644 cumulavit
1030 1607 1039 1640 τ
1051 1595 1102 1642 aut
1118 1595 1200 1642 inane
1210 1594 1231 1640 et

146 1663 204 1710 dnm
219 1664 307 1710 ductus
318 1664 445 1722 ettuderit,
460 1664 486 1711 et
500 1663 573 1710 fletus
587 1663 673 1721 irrigui
698 1679 787 1713 vacuos
804 1664 892 1712 ductus
905 1663 967 1710 solis
981 1663 1103 1723 replevit
1124 1663 1229 1710 fletibus:

147 1731 293 1780 omitinnum
314 1732 436 1791 quoddam
455 1732 481 1778 et
498 1730 558 1790 inge
582 1731 675 1789 protln-
698 1736 742 1781 ant
755 1733 821 1794 qnod
840 1731 993 1780 elocutionis
1008 1732 1119 1780 moralis
1143 1732 1230 1794 qutun

144 1794 218 1849 vium
238 1813 246 1846 ι
271 1800 327 1848 sive
350 1800 416 1859 quod
436 1799 485 1860 ipsi
503 1799 675 1846 descenderint
698 1815 787 1849 sensns
799 1800 1068 1859 ostendlt‚descendit
1080 1801 1110 1848 in
1125 1814 1229 1863 aquarnn

147 1869 224 1918 occdi.
234 1869 390 1915 Dabetenim
401 1869 447 1916 boc
456 1867 496 1915 ris
505 1867 595 1915 snmrni
609 1867 675 1914 dolo·
699 1871 802 1929 ductus,
816 1870 931 1921 transivit
943 1882 1000 1919 eos.
1014 1872 1048 1918 Et
1064 1871 1230 1935 pomemusdi-

146 1938 197 1996 ris,
205 1939 234 1984 nt
243 1949 300 1986 cum
307 1937 493 1997 tacrprnisocnli
499 1935 675 1996 quodammodo
699 1952 755 1987 cero
764 1954 772 1986 r
782 1939 943 1986 Transcendit
952 1951 1014 1998 eos,
1027 1941 1057 1987 et
1068 1953 1230 2000 supergressus

147 2006 198 2066 ipsi
218 2005 349 2052 videantur
371 2003 538 2062 descendere3
560 2016 590 2051 eo
610 2004 675 2064 qnod
699 2009 809 2057 estrsed
818 2007 940 2055 minuitur
948 2008 992 2054 vis
1010 2009 1188 2069 eloquit‚qno
1200 2008 1230 2055 vir

147 2074 217 2122 tanta
226 2073 265 2121 ris
278 2073 443 2132 lacrymarum
456 2073 502 2131 sit,
516 2071 545 2119 nt
559 2076 676 2134 putentur
699 2076 777 2134 major
793 2075 932 2123 adtlncntiae
948 2075 1154 2138 descendentis,
1169 2090 1230 2138 quen

148 2143 215 2191 oculi
232 2142 260 2189 in
274 2140 348 2191 fletus
361 2141 465 2200 resolvi,
475 2143 502 2190 et
515 2141 543 2188 in
556 2142 676 2201 lacrymas
699 2144 868 2192 adscendentis
886 2144 1053 2203 exprimitur.
1066 2145 1154 2206 vide,
1167 2159 1229 2205 roco,

148 2210 252 2258 etinndi.
699 2212 936 2272 quiddensnverba
943 2212 1071 2272 habeant,
1079 2214 1230 2274 utimpetnu

180 2280 220 2328 5¹.
235 2278 306 2328 Oculi
322 2291 380 2339 ergo
395 2278 444 2340 ipsi
454 2279 578 2340 tamqnnm
593 2280 621 2327 in
631 2278 676 2327 de-
699 2294 772 2330 snum
789 2292 869 2329 sermo
879 2280 1047 2340 propheticus
1057 2293 1114 2329 non
1131 2284 1228 2343 amittat3

149 2361 238 2396 cursus
262 2347 442 2412 descenderunt
466 2361 602 2409 rqnmnm,
627 2361 677 2408 qno
694 2351 828 2398 licetnsos
846 2349 900 2409 lpse
914 2348 1072 2408 scriptorum
1087 2352 1172 2398 sensui
1189 2363 1231 2399 ser·

149 2417 226 2467 verbo
235 2416 342 2475 lmpetus
352 2417 532 2477 deplorantium
542 2418 677 2465 vehemens
700 2417 755 2464 vire
761 2417 853 2475 majore
858 2416 946 2464 decore
954 2419 1134 2466 consueverit.
1140 2419 1230 2466 Diverse

151 2485 292 2544 expressius
306 2483 457 2542 declaretur,
467 2485 604 2532 secundum
614 2486 675 2533 illud
701 2487 747 2533 troc
752 2487 779 2533 et
787 2497 852 2544 saepe
858 2484 1020 2544 significavit,
1026 2486 1054 2532 et
1059 2488 1231 2546 propemodum

151 2554 217 2612 qnod
234 2554 261 2598 in
278 2553 384 2600 (enticis
400 2555 520 2612 scriptum
537 2559 574 2603 est
591 2569 598 2601 r
615 2558 677 2604 Fons
702 2555 853 2601 incrementa
882 2565 982 2611 semper
1011 2554 1148 2602 adsumsit.
1171 2556 1231 2602 Dixit

152 2624 286 2676 tortorum,
294 2623 376 2678 psterts
387 2636 454 2680 cqooe
466 2625 537 2678 cicoe,
548 2627 570 2670 et
581 2627 677 2682 impetur
702 2625 767 2670 enim
778 2623 855 2683 primo
867 2622 978 2669 :mvndo
985 2637 1033 2681 prr
1042 2626 1155 2684 nepotas
1166 2627 1231 2672 noctes

150 2691 285 2736 descendens
299 2703 315 2735 a
330 2690 429 2735 bibano.
445 2692 494 2737 llos
511 2691 617 2750 impetus
631 2696 677 2740 Ec·
702 2694 784 2739 lectum
794 2706 871 2738 mcum
888 2706 896 2737 ε
913 2691 1027 2748 lacrymis
1044 2695 1155 2740 stratum
1165 2706 1231 2740 merto

151 2757 226 2805 clesia
245 2757 374 2803 dednxita
390 2758 503 2805 bibano:
523 2760 569 2807 boc
583 2761 678 2821 impetn
701 2762 791 2821 ripobo.
815 2761 885 2808 Dixit
910 2759 1003 2806 iterum
1027 2765 1168 2810 rFrteruot
1184 2763 1232 2809 matt

151 2826 280 2873 diluuntur
298 2829 419 2885 peccatu:
440 2827 486 2875 hoc
506 2829 601 2888 impetu
620 2833 676 2891 puri
701 2832 809 2889 taovmae
823 2843 880 2877 meoe
895 2841 977 2890 portes.
995 2829 1072 2877 Dixit
1095 2833 1175 2878 etiam
1193 2834 1232 2879 :dt

151 2895 240 2954 fontis,
252 2897 277 2942 et
296 2894 399 2955 Spiritus
415 2897 491 2944 suncti
508 2899 595 2946 adnuit
609 2914 623 2946 a
637 2902 677 2947 Li-
699 2904 780 2958 potum
797 2913 875 2946 orcum
893 2912 946 2945 cum
961 2900 1022 2956 {tetro
1037 2901 1179 2948 suberbum.
1194 2901 1232 2946 llic

151 2966 215 3011 bano
225 2965 329 3024 Sponsa,
340 2965 366 3012 et
376 2978 390 3011 a
400 2966 521 3026 principio
533 2969 590 3016 lidei
599 2970 677 3018 trans-
701 2967 796 3014 addidit
806 2967 894 3027 ‚dicens
907 2980 914 3011 r
928 2970 1050 3015 Dcmrsrts
1062 2982 1188 3030 aquariam
1201 2971 1232 3018 dr·

152 3035 199 3081 icil
214 3036 343 3089 saeculum,
362 3035 388 3082 et
404 3037 562 3094 pertransivit
575 3038 607 3084 ad
622 3052 677 3099 reg·
700 3039 835 3083 scordcncot
850 3036 913 3082 oculi
927 3037 982 3082 mei.

151 3114 221 3148 num.
239 3101 299 3149 Allis
317 3102 370 3149 lons
386 3104 440 3160 est,
457 3103 512 3150 aliis
528 3106 616 3162 putens
633 3118 676 3163 pro
730 3102 962 3150 ol.tlocsocntnsin
969 3101 1081 3153 'threnis
1090 3106 1233 3164 Hieremias,

152 3171 225 3227 captu
235 3172 316 3218 nostro
325 3172 402 3229 gratia
412 3172 545 3231 spiritalis:
557 3173 612 3219 aliis
621 3174 677 3220 hor·
701 3171 815 3219 allectum
833 3171 922 3220 doloris
940 3173 1086 3229 expressit,
1105 3177 1160 3222 vim
1176 3175 1232 3223 ocull

151 3241 192 3284 tus
203 3238 312 3298 clausus,
323 3239 376 3287 lons
385 3241 493 3298 sigrrntus
506 3253 513 3286 r
529 3241 584 3287 aliis
595 3242 677 3288 horto-
701 3240 872 3287 ‹lescendentis
882 3239 1008 3298 imitatus3
1017 3242 1056 3287 sic
1064 3244 1139 3289 enirn
1148 3245 1232 3292 babesr

151 3319 207 3351 rum
225 3306 292 3363 lons,
310 3308 352 3366 qui
376 3309 402 3354 in
421 3308 536 3356 Ecclesiae
551 3310 607 3356 dote
630 3323 677 3358 nu-·
700 3310 838 3368 Defecencot
849 3312 875 3356 iro
888 3310 1006 3367 iacrymas
1018 3313 1082 3358 oculi
1098 3316 1170 3360 mei:
1186 3327 1233 3360 cor-

151 3373 260 3418 moratur
278 3387 284 3417 :
304 3375 360 3420 aliis
376 3375 483 3434 impetus
497 3377 648 3425 descendens
663 3393 677 3426 a
702 3378 821 3423 turbatum
835 3379 868 3424 est
884 3390 924 3423 cor
937 3391 1028 3423 meum.
1038 3379 1182 3440 'tamquam
1195 3381 1231 3428 de·

151 3439 258 3496 Libano,
269 3440 295 3486 et
304 3452 407 3509 megnus
423 3443 529 3500 impetus
545 3446 588 3502 qui
604 3459 677 3492 num·
701 3444 820 3492 scendunt
830 3444 894 3491 ocull
905 3477 913 3503 ,
923 3445 968 3503 qui
979 3445 1104 3494 deficiunt
1117 3450 1146 3495 in
1163 3450 1230 3507 lacry-

151 3519 226 3565 quaur
242 3507 334 3554 delicit.
350 3509 402 3555 lton
421 3511 487 3555 enlm
510 3511 627 3559 deliciunt
646 3514 676 3561 de
701 3526 761 3560 mos.
778 3514 806 3559 Et
824 3513 883 3559 alibi
900 3526 907 3558 ι
923 3514 1007 3561 Ourios
1025 3528 1094 3562 meus
1115 3517 1233 3577 absorptis

151 3574 221 3633 petra
230 3574 313 3633 ubera,
324 3587 404 3634 neque
412 3577 457 3622 nix
467 3577 588 3636 acinano,
596 3592 676 3640 neque
701 3585 741 3630 est.
748 3582 796 3629 Sed
804 3582 903 3641 plnsest
914 3594 988 3641 aquas
996 3582 1120 3642 lacrymis
1125 3589 1233 3643 vincere,

151 3654 216 3702 aqua
231 3655 285 3701 quar
302 3643 380 3691 fertur
394 3645 476 3693 valido
489 3647 560 3693 vento
576 3648 677 3708 virginis
701 3664 774 3708 quoni
785 3652 867 3698 oculos
878 3650 1004 3697 absorberi
1014 3651 1168 3702 tletlbus.Et
1178 3653 1233 3700 alibi

150 3711 314 3758 Hierusalem.
331 3712 462 3760 Descendit
480 3714 587 3773 impetus
604 3728 618 3761 a
636 3717 677 3762 Li·
701 3719 767 3766 idem
778 3722 915 3768 Hieremias
928 3722 1098 3769 :Exclamavit
1106 3736 1234 3771 corvorum

151 3779 230 3839 buno,
248 3780 345 3841 quondo
360 3782 468 3828 collectis
485 3783 512 3829 ln
528 3797 601 3831 unum
619 3797 677 3844 epo·
702 3791 731 3835 cd
741 3792 869 3837 Dominum
881 3804 889 3836 .·
901 3791 965 3837 muri
980 3791 1108 3848 filioesioo
1122 3794 1234 3840 &domet

151 3850 221 3897 stolis
241 3854 266 3897 ot
281 3851 393 3910 plurimis
411 3852 580 3913 credentibus,
598 3855 678 3903 iactus
703 3859 826 3914 torrentes,
842 3860 919 3917 flocci
934 3860 1052 3918 toci-smos
1063 3862 1102 3908 die
1114 3876 1145 3908 cc
1161 3864 1232 3910 nocte.

152 3920 191 3965 est
206 3919 286 3968 subito
297 3921 327 3969 de
340 3921 402 3967 coelo
412 3933 484 3968 sonus
495 3953 502 3979 ,
513 3923 636 3982 tamquam
651 3926 677 3972 vi
702 3926 756 3972 Noli
765 3928 821 3973 dore
832 3927 874 3974 tibi
883 3929 984 3986 requiem
990 3959 999 3984 ,
1008 3941 1059 3975 ooo
1068 3931 1138 3978 sileat
1147 3932 1233 3992 pupillo

152 3997 239 4046 magne
247 3987 352 4047 Spiritus
359 3988 479 4036 ferretur.
488 3989 513 4035 ot
523 3990 611 4049 repleti
622 3992 678 4039 sunt
702 3995 762 4040 oculi
774 3996 815 4040 lui.
828 3995 897 4042 Oculi
909 3995 985 4054 icitur
995 3996 1039 4054 qni
1051 3997 1178 4046 torrentes
1193 3997 1233 4044 dc·

152 4062 236 4104 ornnes
253 4056 345 4116 Spiritu
361 4059 442 4106 sancto
460 4057 614 4108 diversitates
634 4059 676 4108 do·
703 4060 794 4109 ducunt
802 4062 914 4122 lacrynris
925 4063 987 4125 suis,
999 4062 1046 4125 ipsi
1059 4063 1152 4116 ductus
1162 4077 1234 4129 aqusg
