2752 4784
340 436 374 481 tu
390 435 548 483 estimari
562 435 679 484 exim
691 437 885 483 EXPOSI'I'IO.
1110 440 1152 488 53¹

73 516 106 564 ad
115 515 281 567 reverentiam
289 508 327 564 sai
336 510 441 564 auctoris
450 512 601 565 accenditur.
628 526 693 562 rerae
703 515 853 571 remissionis
864 514 986 578 intrepido
1001 516 1105 569 rimetur
1118 522 1155 568 at·

73 585 124 632 Sed
132 585 175 646 qui
186 586 264 633 Deum
273 585 367 645 diligit,
379 597 428 632 nou
436 584 603 646 perfunctorie
628 582 704 630 tectu.
717 585 781 632 Vere
793 597 850 645 ergo
865 583 960 646 diligit,
975 586 1017 646 qui
1033 587 1087 635 sine
1099 588 1156 637 tris-

64 653 159 715 'dilIgit
173 664 180 700 r
196 654 241 701 sed
256 652 337 713 diligit
353 654 433 713 legem
451 653 518 712 elus,
537 665 603 713 prae-
627 651 697 710 titia,
717 651 770 700 sinc
790 653 895 713 timore,
914 654 1053 703 voluntario
1074 657 1157 715 potius

74 724 148 782 cepta
155 722 273 783 custodit,
282 720 401 781 iustificat
408 733 450 769 cor
457 732 542 780 snum,
554 732 604 766 non
627 719 708 767 studio
716 733 790 780 quam
800 722 883 769 coacto
890 725 1011 783 praecepa
1019 726 1154 773 conservat.

64 790 197 857 ‘dictorum
204 800 289 841 sonora
297 791 490 852 predicatione,
501 788 545 838 sed
552 791 604 836 stu·
658 788 681 834 d.
699 788 767 836 Alius
778 801 863 837 versus
873 803 880 835 ι
892 792 966 852 super
975 793 1081 841 inimicos
1091 806 1155 842 meos

62 858 145 926 ‘diosa
156 859 294 906 imitatione
305 859 435 907 tactorum.
452 858 546 906 Doceat
556 857 604 917 igi·
628 857 750 918 intelligere
765 871 802 906 me
813 859 886 918 fecisti
899 861 1013 909 mandata
1028 864 1083 921 tnn3
1099 864 1156 922 gata

70 928 116 975 tur
129 936 174 976 uos
185 928 251 975 Deus
266 927 472 989 quemadmodum
483 937 498 975 a
512 926 603 974 sanctis
628 925 695 972 taes.
706 924 759 974 Cito
769 926 871 985 probavi
882 926 1005 977 diuturnae
1013 928 1155 977 meditatio·

27 1054 35 1065 ⁰
64 987 127 1044 'suis
142 995 266 1055 dllignlur.
628 993 810 1055 mastacium,
828 997 926 1057 quenda
938 997 1065 1046 intellexti
1082 1011 1156 1058 super

103 1063 128 1111 5.
144 1063 183 1113 Sic
197 1063 313 1125 iuquiens
324 1060 446 1122 Propheta
459 1059 602 1122 subiungit:
628 1062 738 1111 inimicos
754 1078 811 1113 suos
828 1064 927 1113 Domini
940 1067 1091 1114 mandatum.
1108 1067 1156 1115 Sed

67 1132 193 1194 monsedo
211 1132 284 1181 dileat
299 1133 439 1179 mandatnm
457 1133 538 1186 taum,
552 1132 604 1176 Do·
627 1145 687 1190 quos
702 1132 777 1181 habet
792 1134 906 1183 inimicos
915 1136 1051 1195 Propheta,
1061 1136 1103 1195 qui
1114 1137 1158 1184 aut

68 1201 135 1248 mine
146 1215 155 1247 .-
166 1203 215 1249 tota
230 1199 266 1247 die
281 1200 401 1246 meditatio
413 1212 467 1245 mea
482 1200 523 1246 est.
540 1197 605 1243 Dili-
627 1200 665 1246 sni
676 1202 762 1262 populi
772 1203 838 1250 viros
848 1204 958 1264 legitima
968 1205 1045 1251 debet
1055 1203 1157 1252 caritate

64 1266 225 1385 ssnttscirca
233 1267 342 1316 studium
351 1267 522 1327 cognoscendae
532 1265 605 1326 Legis
628 1269 771 1330 complecti,
787 1271 829 1318 ant
844 1271 995 1331 alienigenas
1009 1270 1157 1330 Euangeliou

110 1351 185 1387 crox
192 1339 244 1395 est,
252 1347 307 1396 quse
315 1331 602 1395 tustruttperiectionem
626 1338 800 1396 praedicatione
811 1339 918 1390 inritare
928 1341 961 1389 ad
970 1341 1018 1389 Del
1033 1340 1157 1400 gratiami

66 1402 196 1465 hominis,
207 1416 280 1464 quam
288 1402 404 1451 totushie
414 1402 521 1464 psalmus
529 1400 605 1449 iniur-
614 1389 617 1416 ¹
625 1405 693 1456 ‚Ferae
710 1409 846 1456 consortem
857 1411 951 1459 aalma
964 1422 1015 1457 sure
1030 1407 1154 1467 diligente

67 1475 132 1535 mal.
145 1471 306 1532 thnontam
314 1471 451 1519 maximum
462 1470 603 1518 mandatum
625 1473 745 1531 quomodo
769 1475 928 1523 dilectionem
956 1475 1088 1524 conformis
1115 1474 1154 1523 sui

68 1542 97 1591 ln
108 1544 176 1600 Lege
185 1554 239 1589 esse
247 1540 373 1599 cognovit,
380 1540 407 1587 ut
417 1538 546 1598 diligamus
554 1539 603 1585 Do-
626 1539 745 1599 Propheta
757 1541 901 1602 respuerett
910 1544 967 1591 Esse
978 1542 1054 1603 igitur
1061 1541 1153 1600 iustum

68 1610 167 1661 minum
185 1610 266 1656 Deum
282 1610 392 1657 nostrum
411 1621 444 1655 ex
461 1608 511 1654 toto
528 1607 600 1654 corde
624 1605 731 1667 aliquam
749 1621 846 1658 causam
864 1611 974 1671 oportet,
991 1622 1042 1670 qua
1057 1610 1077 1656 ii
1091 1622 1153 1670 quos

67 1680 167 1736 nostro,
183 1678 209 1724 et
227 1688 261 1724 ex
278 1676 330 1722 tota
345 1675 427 1740 anima
443 1676 539 1732 nosne,
560 1675 599 1721 sui
623 1673 756 1738 significet,
768 1678 826 1736 ture
845 1680 976 1729 videantur
993 1671 1099 1728 Inimici.
1117 1680 1151 1727 lin

68 1740 209 1810 imitatione
228 1748 403 1805 unaquoque,
421 1755 482 1804 quos
500 1742 598 1791 erudire
622 1745 1023 1810 quaesltpossumustnvesiigare,
1034 1748 1055 1795 sl
1066 1748 1155 1795 momi-

68 1817 167 1876 naua,
188 1816 244 1865 vult
259 1827 311 1864 esse
331 1814 469 1875 periectos,
490 1813 574 1861 diceus
590 1825 597 1859 ε
623 1810 732 1864 nerlmus
742 1818 801 1877 quin
816 1818 876 1866 alibi
886 1819 953 1866 idem
967 1819 1014 1866 iste
1024 1818 1090 1865 dixit
1100 1831 1107 1863 a
1119 1820 1151 1867 Et

70 1886 191 1947 monendo
207 1884 281 1933 dilexi
295 1884 433 1931 mandatam
451 1884 531 1938 taam,
550 1883 600 1928 Do-
622 1897 691 1944 super
705 1887 811 1934 inimicos
827 1890 878 1934 tuos
889 1885 1152 1943 interamnanam

68 1954 145 2013 princ.
162 1953 213 2000 iloc
223 1953 277 2014 ipso
293 1951 381 1998 carias
397 1949 485 1996 crescit
497 1949 599 2008 affectu,
623 1953 674 1999 odio
685 1954 781 2000 oderam
791 1953 850 2000 illos.
862 1954 923 2000 istos
933 1964 990 2012 ergo
1006 1951 1152 2012 Euangeliou

67 2022 138 2086 ‘quod
144 2020 227 2082 tp'sum
234 2020 323 2068 testem
332 2018 448 2078 advocat,
459 2017 499 2065 cui
510 2029 600 2064 munus
624 2020 768 2068 auctoritate
779 2033 835 2069 suos
843 2021 956 2069 inimicos
964 2020 1100 2079 (licitene,
1108 2019 1152 2081 qui

69 2090 212 2139 dilectionis
226 2087 378 2148 impenditur
393 2099 400 2133 r
416 2098 462 2133 nec
478 2084 600 2144 speciem,
626 2086 720 2135 inimici
728 2089 786 2137 suut
795 2089 850 2137 Dei.
863 2090 923 2135 llam
933 2089 955 2135 si
965 2090 987 2137 ts
997 2088 1041 2148 qut
1052 2101 1102 2149 aon
1111 2100 1152 2135 re·

69 2159 114 2208 sed
124 2156 305 2220 plenitudinem
317 2154 427 2203 caritatis
437 2155 481 2202 tali
492 2166 601 2202 consen·
625 2152 715 2214 linquit
730 2158 845 2215 parentes
861 2157 963 2216 propter
977 2157 1025 2204 Det
1044 2168 1151 2215 nornen,

67 2228 138 2277 tione
147 2228 261 2277 testatur.
272 2226 389 2272 Hecusus
399 2221 532 2270 estl’etrus
544 2234 551 2269 ε
564 2222 601 2270 iic
624 2233 672 2268 non
684 2223 721 2269 est
730 2224 783 2270 Deo
799 2223 885 2282 dignus
897 2226 1007 2284 equanto
1021 2223 1098 2282 magis
1108 2221 1152 2282 qut

68 2290 128 2354 icis,
139 2294 234 2355 inquit,
246 2295 357 2350 Domine,
368 2292 424 2352 pata
431 2291 500 2351 diligo
511 2292 541 2338 te.
553 2290 601 2338 Sed
625 2288 707 2348 diligit
714 2288 768 2347 ejas
778 2289 903 2350 inimicos,
913 2293 1027 2352 acceptus
1036 2292 1087 2338 Deo
1098 2302 1152 2339 esse

67 2365 112 2425 qut
124 2362 207 2424 diligit
219 2363 365 2419 Dominum,
381 2360 461 2418 legem
475 2357 528 2418 ejus
543 2356 601 2406 dili·
625 2368 673 2403 non
682 2356 792 2418 poterttt
801 2359 866 2416 Quos
877 2359 1055 2418 ergointmtcos
1062 2357 1153 2406 habeti

68 2431 119 2493 git,
129 2430 277 2481 sicntltsrta
288 2429 392 2488 diligens
402 2426 505 2486 Filium,
516 2427 600 2475 omnia
624 2422 650 2470 St
660 2425 765 2484 gentiles
775 2439 783 2474 r
794 2428 929 2487 quomodo,
941 2440 1001 2486 quos
1007 2427 1152 2488 prophetico

67 2501 146 2549 verba
158 2500 212 2560 ejus
221 2498 248 2545 in
261 2498 333 2545 corde
344 2508 403 2556 suo,
419 2496 531 2545 materno
541 2509 601 2544 oon-
625 2492 854 2555 crediturossptritu
862 2495 1029 2557 previdebant
1038 2496 1151 2557 Denique

67 2558 167 2619 terebat
181 2566 279 2616 affectu.
296 2567 401 2626 Diligens
413 2567 447 2623 tc,
457 2566 504 2623 feci
517 2567 600 2614 cotan·
625 2562 652 2608 ut
660 2558 808 2611 benedicant
819 2566 844 2612 et
855 2565 901 2624 ipsi
912 2565 1059 2623 Dominum,
1071 2564 1097 2611 in
1108 2576 1151 2612 su·

66 2638 142 2686 tatem
153 2638 232 2694 mam,
242 2635 362 2696 scriptum
373 2632 417 2682 est.
428 2632 486 2681 ideo
497 2636 599 2682 commi.
624 2630 760 2688 pertoribus
766 2631 906 2682 adhortatus
913 2635 958 2682 est.
966 2635 996 2682 Et
1003 2647 1150 2696 quaemagna

66 2704 101 2754 stt
111 2705 137 2752 ot
151 2704 262 2752 Christus
271 2702 357 2762 Petro,
375 2703 404 2749 ut
413 2703 526 2763 pasceret
543 2717 599 2764 gre·
623 2699 676 2748 laus
686 2711 761 2760 super
772 2713 814 2748 eos
825 2700 978 2763 intelligere,
994 2705 1037 2764 qni
1049 2705 1149 2753 mealia

66 2784 125 2841 gem
137 2785 225 2833 suum,
236 2774 262 2821 et
272 2772 370 2827 Domini
382 2771 475 2820 iaceret
485 2773 598 2821 volunta·
623 2767 649 2813 et
668 2778 729 2816 ⁸²¹²
745 2771 900 2828 tenefflssdOs
919 2771 1026 2818 Similem
1042 2773 1149 2833 risorem

12 2848 16 2853 '
65 2846 133 2905 tem3
152 2842 348 2905 qutacarttatem
359 2841 411 2900 cius
427 2842 534 2903 agnovit.
551 2843 597 2902 Qui
622 2832 728 2894 stuporis
738 2836 905 2899 attraxerint?

66 2913 138 2962 enirn
155 2910 254 2971 diligit,
273 2923 306 2958 ex
323 2908 449 2958 voluntate
468 2908 528 2956 iacit
543 2923 598 2970 quae
652 2900 675 2948 6.
689 2904 754 2962 Quos
773 2904 848 2963 igitur
864 2905 941 2953 hahet
955 2904 1083 2964 inimicos,
1098 2905 1150 2953 nist

65 2980 116 3031 sthi
130 2981 191 3029 sunt
201 2978 320 3040 imperata
331 2991 338 3023 r
349 2977 392 3038 qni
402 2978 487 3036 timet,
505 2991 539 3026 ex
552 2990 599 3025 ne.
623 2966 764 3018 lraeroticost
772 2971 821 3030 ipsi
831 2972 897 3018 enim
905 2974 962 3020 suat
969 2972 1150 3030 impugnatores

64 3048 290 3106 aestatemque
308 3046 430 3093 nominos
445 3046 598 3104 operaciones
624 3036 694 3095 liei,
706 3037 819 3084 veritatis
829 3037 934 3085 inimici·
951 3039 1031 3096 Ques,
1047 3038 1150 3085 uisitu-

64 3119 225 3169 ggmpomm
240 3127 338 3163 suorum
350 3115 496 3175 spontaneas
512 3112 599 3173 probat
623 3103 700 3152 daeost
715 3106 763 3167 ipsi
775 3106 841 3154 enim
853 3107 976 3165 graviores
988 3105 1097 3171 inimici,
1107 3103 1150 3166 qut

62 3184 165 3251 potius,
183 3194 257 3244 quam
272 3185 376 3231 coactas.
395 3181 452 3228 ldeo
470 3193 503 3228 εχ
521 3180 600 3227 servis
623 3185 655 3218 ex
665 3173 750 3222 amicis
764 3173 823 3222 tacti
833 3175 890 3223 sunt
900 3174 1004 3223 inimici.
1017 3174 1098 3233 Super
1108 3185 1150 3221 eos

61 3256 161 3305 liberos
171 3251 243 3312 tacit3
253 3252 282 3299 ut
293 3253 369 3312 magis
379 3250 532 3298 voluntatum
542 3262 599 3296 nos-
623 3242 753 3303 iutelligit,
772 3244 815 3304 qui
833 3245 922 3303 Legem
941 3242 1079 3304 spiritalem
1096 3240 1150 3290 esse

62 3326 163 3373 irarum
170 3319 606 3381 ιιιιιῐιεῐνει,(ιυιιιιιιιοςεεείίεηιιιιιοι).Δ
623 3310 748 3372 intelligit.
766 3310 832 3373 Quid
851 3324 908 3372 ergo
925 3311 1023 3372 prodest
1041 3312 1106 3371 Lex,
1128 3310 1149 3359 st

61 3388 153 3453 segnia
163 3388 326 3437 conteramus.
403 3415 405 3421 ·
623 3381 695 3429 tuom
706 3381 903 3447 Legisiguores,
918 3383 939 3431 st
951 3383 1095 3443 mysterium
1105 3394 1149 3431 ne-

68 3456 121 3507 ·t.
142 3452 197 3506 lton
217 3456 300 3517 potest
322 3456 404 3503 dicere
424 3453 596 3504 tiarolontstar
622 3450 1149 3510 scias,sisacrameniononnoveristiudaeis

60 3528 187 3593 eromodo
194 3526 266 3573 ditem
273 3527 356 3585 Legem
364 3526 443 3581 taam,
455 3523 499 3584 qni
507 3524 597 3584 Legem
622 3534 655 3567 ex
666 3521 754 3570 ovibus
763 3535 841 3582 agnus
856 3522 978 3571 occiditur
987 3535 1031 3582 pro
1042 3522 1149 3569 celebri-

58 3610 114 3647 non
121 3594 237 3656 suscipit.
247 3595 299 3641 iton
307 3592 478 3653 potostdtaere
487 3592 596 3652 iudans,
622 3589 672 3635 tate
689 3589 798 3648 paschali
818 3604 825 3638 ε
845 3591 915 3639 nobis
932 3604 977 3652 pro
995 3591 1148 3649 redemtione

10 3706 13 3711 .
58 3667 106 3729 qui
116 3666 212 3725 Legem
224 3664 360 3724 spiritatem
372 3662 465 3721 ignorat
475 3675 482 3707 ε
494 3662 520 3709 et
530 3662 597 3711 litte-
623 3658 707 3706 mundi
719 3659 860 3719 unigenitus
870 3659 932 3719 Det,
947 3661 1030 3721 partus
1041 3659 1149 3719 Virginis

56 3748 116 3786 ram
130 3733 207 3795 Legis
222 3733 327 3792 nudam,
345 3743 394 3778 nou
410 3741 508 3777 sensnm
526 3730 597 3790 Iegis
622 3727 769 3775 unmoutur.
780 3727 844 3785 Quid
851 3728 1075 3788 protictnnitudaei,
1083 3725 1149 3788 qnod

57 3802 270 3862 intellectumque
288 3799 429 3848 meditatur.
449 3797 519 3845 Solus
540 3811 597 3860 ergo
622 3796 739 3856 sangnine
751 3795 807 3857 agni
825 3795 908 3845 domos
919 3797 1034 3859 etpostes
1049 3792 1147 3843 suostl-

56 3871 125 3921 dicit
131 3869 346 3929 Christianus‚qui
354 3868 458 3915 multum
466 3867 517 3926 jam
525 3864 598 3927 Legis
622 3862 727 3913 liniuutt
744 3864 812 3911 Nihil
830 3865 931 3925 ulique3
948 3864 1065 3926 quoniam
1081 3859 1147 3915 ligna

57 3938 205 4003 cognitione
222 3936 367 3999 profecerit,
382 3932 424 3997 qui
435 3949 484 3984 non
498 3947 596 3996 poenam
623 3934 781 3983 hmautsaxa
791 3935 904 3995 prodesse
914 3948 964 3983 non
974 3927 1084 3993 possunt
1099 3925 1147 3972 Νο-

56 4004 596 4071 irogtspavidocordciormidet:seddivtna
623 3992 1148 4068 bisprotieltomnemysterinm‚quintrhor-

57 4075 183 4140 mysteria
202 4072 257 4124 reri
274 4073 388 4136 Hebraei,
408 4073 461 4125 vert
481 4072 595 4135 sabbati,
609 4080 677 4139 ,rere
693 4071 820 4120 credimus
841 4084 857 4120 a
877 4069 953 4132 gratia
977 4058 1098 4126 spiriteum
1119 4058 1146 4107 ut
