2760 4794
132 424 166 483 be
530 439 651 486 sesam
666 432 827 489 annnosn
882 406 886 415 ’

131 517 313 580 'abundaretet
323 516 391 568 sitim
401 518 515 569 humanm
523 521 665 581 cupiditatis
691 523 874 574 distinctionem
900 524 1020 586 slgnideat
1045 517 1226 586 personarum,

131 587 272 649 averteret,
280 587 446 637 sicuttorrens
457 589 484 638 in
494 591 585 639 austro.
595 590 665 638 Unde
691 592 772 640 unitas
781 593 936 652 potestatem.
948 594 1030 642 Potest
1045 593 1071 641 et
1082 593 1113 640 ad
1122 593 1226 642 Patrem

135 655 286 715 etSciptura
301 657 380 705 dicit:
393 661 467 719 serpe
485 661 603 719 decimet
612 653 666 707 caeni
692 659 756 706 diei:
775 664 891 723 moniam
901 664 963 724 opud
974 664 995 710 te
1006 665 1038 711 est
1048 663 1102 722 fons
1112 664 1181 722 eitoe,
1197 661 1227 708 id

134 728 223 782 aneton
230 726 276 784 qui
289 725 431 777 arbusculas
440 726 547 789 paradisi
561 728 664 789 perflare
692 728 729 776 est
737 729 763 775 in
771 729 797 776 te
807 742 840 777 ex
848 743 897 790 quo
907 730 958 779 vita
968 731 1095 790 processit,
1102 731 1227 778 eratver·

134 793 271 842 consuevit.
691 796 759 857 burn,
769 799 898 860 etsemper
906 800 1040 860 erat3quia
1049 799 1116 860 apud
1124 801 1151 847 te
1160 799 1226 846 erat.

163 863 204 912 21.
211 864 326 914 Diximus
336 876 448 926 sensum3
457 864 533 913 etiam
545 864 666 914 elocutio-
692 867 778 914 Omnia
785 880 831 927 per
841 868 921 927 ipsum
933 869 959 916 et
970 869 995 916 in
1007 869 1059 928 ipso
1070 868 1135 917 facta
1146 868 1206 916 sunt
1217 879 1226 913 :

133 946 192 982 nem
201 934 392 994 consideremus,
401 947 445 988 cur
454 938 580 984 torrentem
586 936 666 995 volup·
692 935 781 995 etipse
792 937 890 985 estvita
901 938 1086 997 universorum,
1098 937 1186 997 etipse
1198 935 1229 984 te

133 1006 188 1052 talis
196 1004 289 1052 dixerit
297 1004 388 1065 potatis
400 1010 447 1062 eos,
459 1004 485 1052 et
496 1017 546 1052 non
558 1005 665 1052 torrente
692 1003 762 1050 nobis
777 1004 946 1052 manifestavit
959 1005 989 1052 ut
1006 1006 1077 1052 corda
1091 1004 1227 1052 bominum

134 1071 203 1131 quasi
214 1071 246 1119 de
256 1072 379 1132 torrente;
388 1073 436 1119 nisi
452 1072 511 1133 qula
522 1072 666 1120 aviditatem
691 1071 722 1117 ad
738 1072 901 1132 cognitionem
914 1075 964 1123 tuae
979 1074 1113 1136 majestatis
1127 1074 1227 1125 illumi-

133 1139 274 1187 bibentium
284 1139 364 1187 voluit
374 1140 528 1200 exprimere,
536 1140 606 1201 quasi
617 1141 666 1188 tor-
691 1139 788 1188 nentur.
820 1154 822 1158 ⁴

133 1207 230 1254 rentem
241 1207 323 1268 ipsum
335 1206 431 1255 vellent
446 1207 563 1265 ebibere,
575 1208 596 1255 si
609 1219 666 1266 pos·
720 1209 759 1255 25.
773 1211 891 1259 Proetende
897 1223 952 1272 erpo
962 1211 1147 1260 misericordiam
1157 1211 1227 1258 inam

134 1275 204 1325 sent?
213 1277 260 1325 llic
271 1279 309 1326 est
318 1278 420 1325 forsitan
429 1277 526 1342 torrens
534 1276 666 1337 voluptatis
690 1278 812 1326 scientibus
823 1281 861 1326 te:
878 1280 1037 1339 Praerogativa
1052 1277 1226 1338 praetenditur,

134 1357 207 1404 quem
225 1346 253 1394 in
271 1347 362 1395 Genesi
380 1343 604 1406 legimus,fontem
621 1346 665 1406 qui
691 1348 719 1392 ut
745 1347 887 1395 mereantur
912 1348 1107 1396 misericordiam
1130 1346 1226 1407 quibua

134 1413 666 1477 abluitparadisum,etdividiturinquatuor
691 1415 835 1475 cognitionis
859 1418 908 1465 tuae
928 1416 1047 1465 meritum
1066 1415 1223 1474 suffragatur.

133 1479 306 1542 fluminaque
314 1481 469 1530 circumeunt
478 1483 555 1528 totam
564 1482 664 1529 terram.
690 1483 801 1544 Denique
816 1486 843 1532 in
853 1485 1029 1545 posterioribus
1040 1484 1114 1532 etiam
1126 1483 1226 1531 viliori-

132 1550 170 1599 Ex
183 1551 232 1598 boc
248 1551 316 1600 enim
333 1551 401 1599 fonte
417 1549 524 1606 virtutes
540 1551 666 1610 profluunt
690 1551 736 1599 bus
746 1553 857 1613 personis
872 1553 980 1601 studium
991 1553 1100 1600 scientim
1111 1551 1226 1612 agnosci·

132 1617 420 1680 spiritales‚prudentia‚
429 1619 603 1678 temperantia,
615 1618 666 1666 for·
690 1633 744 1669 mus
773 1623 947 1682 suffragatum,
969 1623 1067 1671 dicente
1095 1620 1224 1669 Demiror

131 1687 231 1748 titudo,
244 1688 349 1748 justitia.
367 1692 448 1738 Bonus
465 1688 520 1735 fons
534 1687 618 1748 gratiae
640 1690 666 1737 et
689 1692 779 1739 Memor
788 1706 828 1740 ero
839 1693 923 1740 nadab
934 1695 956 1740 et
966 1691 1226 1752 Babylonisscientibria

131 1756 270 1817 splendoris
280 1758 392 1818 eiusdem
402 1755 476 1818 atque
487 1758 665 1818 naturaemujus
689 1772 739 1819 me3
749 1759 775 1807 id
785 1760 835 1820 est,
844 1760 982 1809 meretricis
1000 1761 1067 1809 illius
1086 1760 1186 1820 debeb,
1197 1762 1225 1810 et

133 1829 160 1873 et
174 1825 238 1875 illud
246 1827 340 1876 flumen
351 1828 382 1875 de
393 1840 441 1888 quo
451 1829 479 1875 ln
489 1828 666 1887 posterioribus
690 1826 912 1876 confusionisillius
919 1841 1062 1876 memorcro
1069 1827 1135 1888 apud
1143 1829 1225 1875 scien·

133 1894 245 1943 elicitur:
257 1897 372 1946 Flaminis
384 1892 486 1958 'impetos
496 1897 597 1957 letificet
610 1898 666 1950 etoi-
689 1894 726 1941 tes
736 1907 790 1955 me,
801 1898 842 1944 vel
860 1895 928 1944 inter
942 1897 1020 1958 ipsos3
1032 1897 1089 1958 quia
1100 1897 1225 1945 meretrix

132 1965 272 2012 tntmnllei.
690 1962 732 2007 illa
752 1973 793 2010 me
817 1965 932 2023 agrrovit,
952 1977 1026 2025 quem
1045 1965 1152 2025 populus
1172 1977 1225 2012 non

163 2031 203 2080 22.
214 2032 345 2094 aptissime
356 2032 439 2094 itaque
451 2032 579 2082 substituit
587 2047 594 2079 ι
603 2035 665 2095 Qun
678 2030 796 2088 mgnovit.
808 2031 875 2080 luter
885 2032 943 2080 illos
952 2045 1009 2093 ergo
1025 2033 1070 2093 qui
1085 2045 1126 2080 me
1141 2032 1224 2086 scive-

131 2099 199 2158 niom
209 2103 271 2161 apud
282 2104 303 2149 tc
314 2104 347 2149 est
357 2102 410 2160 fons
419 2104 489 2150 vitoe:
505 2104 526 2149 et
537 2104 562 2148 in
578 2102 665 2149 lumine
679 2090 761 2158 irunt,
772 2102 1003 2150 commemorabitur
1017 2102 1112 2160 balab,
1125 2103 1154 2149 ut
1167 2101 1224 2162 dig-

131 2171 174 2216 tno
190 2170 317 2218 uidebimus
334 2171 421 2218 tamen.
432 2171 553 2219 Protendo
574 2170 665 2218 meseri-
689 2180 747 2215 num
764 2169 822 2217 fidei
833 2171 962 2230 praemium
980 2170 1139 2230 adipiscatur.
1151 2170 1223 2218 Unde

131 2239 237 2288 cordiam
254 2243 320 2288 tuom
330 2240 453 2287 scientibus
465 2242 500 2300 te,·
511 2241 534 2287 et
547 2237 665 2298 iustitiam
689 2238 714 2284 et
736 2239 763 2284 in
780 2240 912 2298 Evangelio
934 2239 1028 2286 dictum
1050 2238 1222 2287 advertimus:

131 2310 199 2356 taam
206 2309 235 2357 iis
243 2310 284 2368 qni
290 2311 352 2356 recto
360 2311 414 2357 sont
421 2310 497 2356 corde.
505 2307 603 2355 Etenim
611 2309 666 2368 post
688 2308 819 2355 Meretrices
833 2311 855 2355 et
866 2308 987 2368 publicani
995 2307 1123 2367 precedent
1138 2319 1180 2354 oos
1197 2309 1224 2355 fn

131 2372 389 2426 commemorationem
411 2377 549 2425 coelestium
571 2376 666 2424 benefi-
688 2389 759 2435 repno
769 2377 887 2423 coelorum.
899 2373 1125 2435 Sedquiainvalidi
1135 2385 1225 2422 sumus

131 2445 240 2506 ciorum,
249 2447 307 2506 iure
318 2446 403 2507 gratias
414 2446 557 2494 referuntur
570 2445 666 2493 auctori
689 2443 720 2490 ad
737 2445 923 2506 exsequendum
933 2478 940 2503 ‚
950 2445 1011 2492 licet
1025 2443 1108 2491 devoti
1121 2443 1161 2490 ad‘
1168 2455 1225 2492 cre-

131 2515 231 2563 domino
249 2516 331 2563 nostro
346 2516 405 2562 lesu
426 2515 536 2573 Christo,
548 2513 591 2573 qui
611 2513 666 2560 fons
688 2511 796 2559 dendum
811 2526 818 2558 ι
835 2513 863 2560 tu
882 2513 1007 2573 praetende
1027 2511 1224 2559 misericordiam

30 2586 35 2592 “
85 2585 89 2590 ’
131 2586 191 2636 vitae
208 2587 317 2648 irriguus
327 2588 425 2635 aeternae
437 2586 565 2634 deseendit
576 2585 603 2632 in
615 2586 665 2633 ter·
689 2581 756 2627 tuam
771 2582 797 2626 in
809 2581 834 2628 te
847 2582 1075 2642 credentibus,qu0
1094 2582 1224 2629 devotioni

37 2673 40 2681 =
131 2667 180 2717 ras,
187 2657 217 2704 ut
227 2657 367 2705 ariditatem
377 2654 454 2704 nostri
462 2654 567 2713 pectoris
577 2654 665 2714 irriga.
689 2649 714 2695 et
723 2649 781 2696 fidei
789 2649 853 2698 facta
862 2663 959 2711 quoque
967 2651 1049 2698 nostra
1057 2650 1223 2697 conveniant:

131 2725 254 2772 retldem
262 2724 423 2786 estsplendor
431 2722 514 2782 gloriae
522 2723 568 2770 Dei
577 2721 664 2783 Patris,
688 2730 735 2765 nec
755 2719 865 2766 studium
888 2720 978 2767 mentis
996 2721 1084 2767 nostrae
1102 2717 1224 2766 destituat

131 2793 158 2841 et
177 2794 256 2855 imago
273 2794 415 2842 substantie
433 2791 501 2850 eius3
517 2791 544 2839 et
560 2791 617 2838 idco
637 2792 664 2838 in
688 2788 795 2848 corporis
810 2789 885 2847 hujus
900 2789 1044 2847 infirmitas3
1057 2788 1101 2835 sed
1116 2787 1144 2835 in
1158 2788 1224 2846 ipsis

130 2864 229 2912 lumine
246 2864 300 2922 ejus
310 2875 385 2922 vero,
396 2859 597 2922 quodilluminat
611 2874 665 2909 om-
687 2857 865 2905 tentationibus
880 2856 906 2904 et
923 2857 1107 2906 infirmitatibus
1127 2855 1223 2915 glorie-

130 2944 188 2980 nem
196 2933 323 2981 bominem
330 2931 473 2980 venientem
484 2929 511 2975 in
518 2930 585 2977 bunc
593 2943 664 2978 mun·
688 2939 751 2984 mur,
770 2927 797 2973 in
816 2927 905 2986 quibus
923 2925 1072 2984 gloriabatur
1089 2919 1222 2984 Apostolus

130 3001 203 3062 dum,
214 3001 368 3060 videbimus,
377 2999 472 3060 inquit,
480 2998 592 3058 Patrem;
605 3001 663 3060 quia
688 2994 784 3042 dicens:
795 2996 954 3042 Libentissime
962 2997 1039 3055 itaque
1047 2995 1121 3054 inopis
1132 2995 1221 3053 eloric-

130 3071 197 3120 lleus
209 3072 254 3119 lux
271 3072 318 3118 est.
329 3065 407 3116 Recte
423 3067 498 3115 etiam
515 3066 663 3118 dicitur21n
688 3062 762 3109 dorin
774 3063 947 3122 infirmitatibus
958 3065 1031 3121 meis,
1045 3065 1073 3109 ul
1086 3063 1221 3124 moekndef

23 3148 29 3157 ·
130 3140 217 3189 iustine
232 3143 273 3188 tno
284 3138 412 3188 videbimus
427 3138 519 3198 tarnem·
528 3139 663 3186 secundum
687 3133 838 3180 tnrnevtrtns
846 3133 941 3180 Cluuii-

128 3208 193 3257 illud
205 3223 212 3255 ι
225 3210 272 3270 Qui
291 3221 328 3255 ane
349 3209 426 3266 videi,
445 3209 507 3256 videt
525 3211 547 3255 et
565 3199 663 3257 Patrem
715 3198 1026 3260 24·P¹¹lcherrimeilaque
1038 3195 1148 3244 addidi&
1161 3200 1218 3246 Non

128 3292 216 3327 mcum.
231 3276 301 3336 Apud
318 3276 344 3324 te
359 3288 430 3335 ergo,
440 3277 503 3322 Fons
517 3275 589 3333 vitae,
598 3289 663 3336 prae.
686 3271 764 3316 veniat
773 3269 1008 3329 milcipessuperbioe,
1017 3270 1219 3327 etmnnnepecen-

129 3346 226 3395 sentem
236 3344 376 3392 videbimus
391 3345 496 3392 Patrem.
508 3343 579 3390 Sient
595 3345 663 3390 enim
686 3338 764 3384 iorum
785 3350 834 3385 non
850 3340 958 3385 noceant
977 3351 1023 3384 me.
1035 3337 1072 3384 Ibi
1088 3337 1219 3383 coctumst

128 3417 158 3463 tu
174 3412 241 3475 apud
249 3412 348 3460 Patrem
359 3424 414 3461 eras
425 3413 451 3460 in
462 3411 585 3471 principio
596 3414 663 3460 Deus
686 3407 805 3465 operantes
819 3408 977 3467 iniquitatem,
993 3406 1084 3465 enpnlsi
1096 3407 1165 3462 sunt,
1175 3417 1219 3452 nec

128 3482 237 3532 verbum
248 3494 255 3528 ι
268 3482 303 3529 ita
314 3482 380 3543 apud
390 3482 415 3529 te
427 3493 526 3540 semper
534 3481 572 3527 est
581 3482 661 3542 Pater,
684 3477 810 3536 potnerunt
823 3479 894 3524 stare.
904 3474 1020 3534 Superius
1035 3474 1136 3535 quidam
1151 3474 1220 3521 acei-

46 3593 48 3598 ,
128 3550 206 3612 quiin
217 3550 243 3597 te
256 3551 302 3598 est.
310 3551 352 3598 Est
368 3551 435 3598 enim
450 3548 516 3609 apud
525 3548 624 3610 ipsum,
635 3551 661 3598 in
685 3543 758 3602 piunt
772 3543 906 3593 torrentem
916 3543 1049 3602 voluptatis
1058 3544 1108 3592 tuae
1122 3542 1149 3589 in
1159 3542 1219 3589 ten-

129 3632 179 3681 quo
199 3619 246 3667 est.
257 3619 421 3679 Prophetatnr
439 3619 522 3665 autem
542 3617 662 3668 adventus
686 3612 819 3661 tationibus
829 3612 1014 3671 fortitudinem;
1025 3612 1088 3659 sient
1102 3613 1140 3659 est
1151 3622 1219 3657 mar-

129 3687 223 3736 domini
233 3684 365 3736 salvatoris
372 3720 380 3747 ‚
388 3687 433 3747 qui
443 3686 563 3734 venturus
573 3687 599 3732 in
609 3687 662 3734 ter·
685 3680 782 3739 tyrum,
793 3679 821 3726 in
831 3679 919 3739 quibus
930 3677 1025 3737 placuit
1036 3680 1086 3725 Deo
1096 3677 1217 3725 exhibere

126 3767 180 3813 ram
190 3753 286 3802 diceret
297 3756 364 3815 :Epo
372 3758 393 3803 et
400 3757 474 3802 Pater
481 3768 555 3801 unum
565 3768 660 3816 snmns‚·
685 3750 733 3797 sibi
743 3750 838 3808 suavis,
847 3749 872 3816 et
880 3748 943 3808 grati
954 3747 1095 3795 certaminis
1104 3747 1218 3806 volupta-

127 3824 156 3871 id
164 3823 297 3883 est,uuum
308 3835 393 3872 sumus
400 3824 501 3882 lumen,
512 3822 575 3870 sicut
582 3836 661 3871 unum
685 3819 745 3868 tem.
750 3819 848 3867 Etenim
853 3818 874 3865 si
882 3818 983 3878 hyemes
988 3830 1032 3876 pro
1038 3814 1218 3864 tentationibus

129 3903 229 3940 nomen.
234 3891 282 3940 Per
289 3892 391 3940 luminis
397 3892 422 3940 et
428 3892 535 3939 nominis
541 3892 660 3939 unitatem
686 3887 838 3947 accipiuntur
848 3886 914 3934 unde
925 3888 951 3934 et
962 3887 1082 3934 orandum
1096 3886 1218 3934 Dominus

129 3961 202 4009 ambo
227 3972 307 4009 unum
334 3973 436 4021 sumus3
458 3961 533 4007 immo
555 3960 661 4009 Trinitas
686 3957 853 4016 admonet,ne
864 3955 907 4002 frat
917 3954 974 4014 fuga
984 3955 1065 4002 nostra
1073 3955 1163 4016 hyeme
1171 3956 1218 4001 aut

129 4038 208 4076 unum
215 4029 242 4078 in
248 4028 344 4077 unitate
351 4028 503 4088 substantie,
509 4027 552 4076 sed
560 4027 662 4076 distinc-
686 4024 798 4084 sabbato,
809 4024 856 4070 troc
867 4024 914 4083 est,
923 4025 964 4072 vel
975 4023 1001 4070 in
1012 4024 1162 4083 tentatione,
1173 4025 1218 4072 vel

130 4098 197 4146 tione
216 4096 409 4159 uuiuscujusque
425 4106 543 4158 personae.
555 4095 661 4145 inuitas
686 4093 736 4143 otio
748 4106 754 4141 ι
766 4093 855 4156 hyeme
874 4095 957 4143 autem
972 4092 1060 4142 crescit
1069 4093 1178 4153 torrens,
1190 4092 1219 4140 et
