2760 4794
362 507 545 554 Expostulo
559 509 592 555 iil
607 509 735 571 bucin,
749 515 854 562 bibuli
870 517 1024 564 TERTIUS.
1190 515 1235 567 tlt

152 583 207 634 turn
218 585 322 636 crimina
332 591 494 639 verecundior
505 590 681 653 erubesceret,
707 597 831 659 nupserit,
842 611 901 647 vero
911 600 1001 649 David.
1013 598 1093 649 David
1111 600 1179 650 enim
1191 615 1238 652 ro·

152 653 193 701 oui
204 654 376 707 obumbrante
386 660 487 726 originIs
497 659 599 710 incultas
609 660 682 710 ‹lare-
705 664 774 712 catus
785 664 822 712 est
837 666 960 726 Christus,
971 668 998 717 iu
1014 667 1124 734 parentis
1144 680 1237 718 nomen

152 722 195 770 tur
204 721 264 772 flore
280 725 389 775 virtutis.
705 730 827 794 adscitus,
836 732 907 795 juxta
917 736 983 796 quod
998 736 1182 803 scriptumest:
1194 742 1237 787 in-

182 792 681 856 5⁷.anveroaanetusbavid,llcetmnlu
705 800 758 846 ocni
774 802 851 850 Docto
868 815 960 855 rmum
977 818 1070 867 mcumg
1090 805 1130 855 cui
1150 804 1237 868 nupsit

150 859 206 917 ejus
219 861 247 908 in
260 863 406 923 mysterium
414 863 571 924 ¹ligarentur,
583 876 633 915 non
651 878 680 912 eo
704 866 827 928 Ecclesia,
836 883 891 932 que
898 871 974 920 Verbi
982 873 1090 932 semine,
1101 874 1127 922 et
1141 874 1236 936 Spiritu

150 929 303 990 praecelsior,
310 931 376 991 qnod
388 931 516 982 hominem
527 945 553 979 se
564 945 617 981 esse
626 945 680 994 cog·
703 933 752 1001 liei
759 934 842 994 piena,
852 935 941 985 christi
951 939 1144 999 corpuselludit,
1154 952 1235 1003 popu·

149 997 234 1057 novit,
253 997 279 1045 et
302 998 459 1049 commissum
480 1012 556 1061 super
578 1000 680 1060 abrepta
704 1001 862 1057 lumseilicet
877 1004 1235 1067 Christianumlistergomu·

149 1063 215 1112 Uriae
224 1078 302 1114 uxore
312 1068 442 1126 peccatum
450 1067 601 1129 poenitentiae
608 1070 680 1130 putu·
704 1069 830 1132 itemque
837 1070 938 1120 virente
947 1073 1001 1119 viro
1011 1073 1110 1139 alligata
1121 1076 1159 1122 est
1166 1076 1231 1134 legi:

149 1133 188 1180 vit
198 1133 313 1194 lacrymis
323 1134 486 1196 abluendum,
497 1136 627 1185 ostendens
634 1149 679 1184 no·
703 1139 730 1187 et
735 1139 791 1187 ideo
796 1141 907 1190 mortum
915 1141 1072 1202 estrirelus3
1081 1143 1109 1189 ut
1115 1155 1165 1191 non
1170 1143 1236 1191 esset

149 1199 189 1247 bis
210 1202 336 1253 nemiuem
354 1202 442 1251 uirtuti
461 1203 567 1264 propriae
587 1203 678 1253 debere
703 1206 829 1268 adultera,
841 1207 1000 1257 siesseirunr
1011 1210 1060 1256 elio
1072 1210 1133 1257 viro.
1144 1210 1235 1271 llyste·

149 1269 289 1316 confideret
298 1271 421 1320 Habemus
429 1273 496 1321 enlm
511 1273 678 1324 adversarium
702 1275 770 1340 rium
776 1275 852 1336 igitur
861 1275 888 1326 in
899 1276 990 1338 ligura,
1000 1277 1131 1338 peccatum
1141 1278 1168 1325 ln
1179 1276 1233 1325 liis-

149 1347 277 1399 magnm,
288 1339 331 1400 qui
340 1339 406 1387 rinei
417 1351 432 1387 a
442 1340 575 1391 nobissine
585 1342 630 1389 Dei
642 1343 679 1392 ia·
702 1342 784 1391 toria:
797 1345 869 1405 culpa
876 1358 921 1408 per
930 1345 1071 1407 bominem,
1081 1345 1234 1395 sacramenta

149 1406 360 1467 voreuonpossit.
374 1409 678 1470 litplerumquoinillus-
702 1406 747 1470 per
761 1412 923 1461 verbumlie
941 1427 989 1477 qun
1004 1414 1106 1463 historia
1120 1413 1234 1475 quonium
1264 1469 1267 1476 Ι
1360 1428 1363 1437 ·

148 1473 229 1522 tribus
245 1475 272 1522 et
290 1476 370 1525 beatis
387 1477 448 1525 viris
472 1478 555 1537 gravia
575 1480 678 1540 peccata
701 1476 761 1529 uror
769 1482 868 1542 plenius
877 1482 1002 1544 diximus,
1013 1484 1055 1533 hic
1065 1485 1234 1532 transcurren-

147 1541 225 1590 inisse
235 1545 358 1604 reperies;
376 1545 404 1592 ut
414 1546 484 1606 quasi
495 1541 608 1595 nomines
621 1548 678 1595 teu-
701 1547 760 1594 ‹ium
771 1548 881 1602 videtur,
895 1547 1032 1611 Meritoque
1048 1551 1146 1600 sanctus
1154 1548 1234 1596 liarirl

144 1609 236 1662 tutioui
250 1610 358 1673 patuisse
374 1626 516 1675 oognosoes,
528 1627 561 1662 ne
578 1615 677 1665 virtuti-
700 1613 1234 1679 dehacnistouamysticunpsalnimqum

146 1675 193 1725 bus
204 1680 309 1740 egregiis
319 1680 447 1743 plusquam
464 1682 576 1731 homines
590 1685 676 1732 credo-
699 1684 869 1747 quagesimum
887 1687 985 1746 scripsit
1000 1684 1232 1749 propierliersaboe

145 1747 241 1794 rentur.
258 1747 284 1795 Si
303 1749 369 1797 enim
385 1747 466 1797 David
479 1749 537 1808 quis
556 1762 675 1810 presum—
700 1749 813 1810 nuptiaa,
824 1751 909 1800 dicens
919 1765 927 1803 a
937 1755 966 1804 lu
980 1754 1109 1814 piorum
1123 1755 1178 1801 loeo
1194 1764 1232 1798 me

145 1813 216 1862 tione
225 1813 323 1863 virtutis
334 1817 413 1864 clatus
420 1815 519 1865 uixerat
530 1830 537 1863 ε
549 1819 576 1865 si
588 1819 675 1866 actiui
699 1817 730 1865 ob
738 1819 854 1877 &turibio
863 1833 917 1867 meo
923 1852 932 1877 ,
943 1823 965 1868 ct
975 1836 991 1869 o
999 1820 1233 1871 delictomeomunio

144 1883 324 1932 retribuentibus
333 1884 392 1932 mibi
408 1885 525 1931 moleret
538 1884 598 1937 alibi
609 1887 676 1945 :Ego
699 1898 745 1933 ore.
761 1885 789 1932 Si
809 1886 967 1949 iniquitatem
982 1899 1053 1935 suana
1072 1888 1118 1934 liei
1139 1886 1233 1933 amicus

145 1953 226 2010 orcum
235 1953 321 2000 dicitu
330 1965 383 1999 meo
393 1951 552 2011 aromaca,
565 1965 613 2000 nou
623 1966 676 2001 mo·
699 1953 821 2014 agnosdt,
832 1954 858 2001 et
875 1954 971 2002 meritis
980 1955 1032 2002 suis
1045 1955 1142 2003 obstare
1154 1954 1233 2001 delio-

145 2021 215 2069 oebor
236 2021 262 2068 iu
282 2023 410 2081 eternum,
430 2020 514 2068 statim
537 2021 675 2073 insolentie
699 2021 753 2067 tum
764 2034 771 2067 r
783 2021 804 2075 si
822 2021 930 2082 (leuique
945 2023 1158 2083 Deosepeccasse
1174 2035 1234 2071 con·

145 2088 221 2151 hujus
230 2102 329 2152 poenam
349 2089 454 2138 subiisse
474 2102 500 2138 se
512 2091 674 2153 memoravit,
698 2087 798 2149 litetur3
817 2101 862 2136 eur
875 2091 903 2138 tu
915 2088 946 2138 ‹ie
958 2089 1109 2139 confessione
1120 2091 1232 2140 criminis

144 2157 232 2206 dicens
242 2171 249 2204 t
261 2159 370 2207 Auertisti
380 2158 464 2217 iocum
473 2161 540 2206 tuom
557 2174 574 2207 o
591 2173 640 2217 me,
652 2163 675 2209 et
699 2157 844 2216 erubescas,
854 2169 912 2205 cum
929 2158 1042 2207 orimirus
1052 2161 1231 2220 commeatum,

140 2227 222 2288 'soclus
228 2227 543 2290 oumcouturbotucrsiipse
551 2229 675 2276 Dominiei
698 2236 748 2272 uon
760 2225 879 2277 confessio
888 2227 921 2276 sit
935 2226 1039 2287 pudori!

145 2295 244 2356 generis
250 2296 336 2344 auctor
345 2295 484 2344 insolentias
490 2296 590 2355 excepit
600 2297 675 2344 offen-
728 2293 769 2340 59.
780 2295 841 2354 Ergo
852 2307 909 2341 oum
918 2295 1000 2343 David
1017 2295 1137 2344 Bersabee
1155 2295 1232 2345 blato-

145 2377 212 2425 sam3
225 2363 316 2426 quanto
327 2363 403 2424 magis
411 2376 456 2412 nos
466 2364 549 2411 ceteri
560 2364 674 2424 poccato-
698 2359 761 2407 riam
771 2372 822 2409 non
829 2363 1047 2422 pretermiseritin
1055 2365 1104 2411 suis
1114 2365 1216 2413 Psalmis
1225 2378 1233 2423 3

145 2445 201 2492 res,
215 2432 305 2493 qulbus
316 2433 383 2479 nulla
398 2433 543 2493 suffragatur
554 2445 674 2497 praeroga-
699 2428 728 2475 ut
737 2429 765 2476 in
776 2441 807 2476 ea
815 2430 856 2477 vel
866 2431 1025 2492 mysterium,
1034 2432 1075 2480 vel
1083 2432 1166 2480 aetum
1176 2445 1233 2492 per·
1265 2457 1267 2461 .

144 2501 198 2548 tiva
215 2501 376 2561 meritorum,
391 2499 528 2549 insolentie
547 2503 674 2561 scopulum
699 2496 770 2546 lecte
777 2498 931 2558 penitentie
942 2511 986 2547 nos
996 2500 1110 2560 doceret,
1124 2500 1183 2559 iure
1193 2500 1231 2548 vl·

145 2570 236 2617 timere
254 2568 387 2628 debemus,
407 2568 435 2615 iu
454 2580 503 2628 quo
520 2568 674 2630 naufragium
699 2565 785 2614 demus
800 2567 875 2615 etiam
892 2568 919 2615 in
929 2569 1130 2628 generationibus
1146 2570 1232 2616 Domi·
1262 2623 1265 2634 k

145 2637 179 2684 sit
189 2637 322 2696 bonorum3
335 2636 471 2695 praesertim
480 2649 536 2683 cum
546 2637 675 2686 tantusvir
698 2634 761 2682 nieis
775 2647 826 2683 non
840 2636 1043 2698 praetermissam
1060 2638 1119 2698 quia
1137 2639 1163 2686 et
1178 2638 1232 2701 ipse

145 2705 217 2753 nobis
227 2706 253 2752 et
270 2705 404 2764 magisterii
417 2705 501 2753 auctor
511 2705 543 2752 sit
555 2705 581 2752 et
591 2716 675 2752 exem·
699 2701 779 2750 David
789 2703 832 2763 qui
843 2716 899 2751 eam
910 2707 1006 2764 accepit
1016 2707 1043 2752 in
1053 2704 1157 2753 uxorem
1168 2705 1233 2765 sibi,

145 2775 194 2837 pli,
205 2775 248 2836 qui
259 2776 331 2836 quasi
338 2774 488 2836 palinodiam
503 2774 632 2834 quamdam
643 2775 674 2822 ad
697 2772 864 2828 generationis
880 2772 1013 2820 Dominicae
1028 2774 1163 2820 secundum
1180 2786 1233 2820 car·

144 2843 356 2903 repropitiandum
372 2840 505 2888 Dominum
515 2842 542 2887 in
554 2842 675 2900 posterio-
698 2838 1231 2898 uempraecessoradseritur.Gulusspeeiale,
1258 2844 1261 2857 ·

143 2911 214 2958 ribus
231 2909 366 2957 mendam
383 2907 494 2968 putavit,
510 2906 595 2953 dicens
606 2920 614 2952 t
624 2910 675 2955 lio-
698 2903 728 2950 ut
744 2903 1057 2964 diximns,meritun1;ut
1074 2906 1190 2953 Ecclesiae
1205 2907 1232 2953 in

143 2982 223 3037 miae,
241 2991 290 3024 uois
309 2979 343 3025 est
367 2977 497 3025 crottam
520 2988 561 3022 cor
582 2989 674 3033 mmm,
699 2970 745 3018 hoe
755 2970 873 3031 mysterio
883 2970 980 3019 videret
993 2972 1157 3032 exortum‚et
1165 2974 1232 3020 ucci-

143 3061 218 3109 neque
232 3049 258 3095 iu
273 3047 347 3095 ultum
365 3045 422 3092 eloti
435 3045 561 3092 suntoculi
573 3046 638 3092 mei:
650 3044 675 3092 et
699 3041 770 3100 peret
784 3040 908 3088 oraculum
928 3039 992 3100 quoii
1013 3052 1046 3087 ex
1063 3053 1108 3088 suo
1122 3041 1232 3090 christus

143 3114 501 3170 Dominusodccctrismermc
516 3125 674 3174 commoneam,-
698 3120 789 3168 genere
809 3109 960 3155 nasceretur·
982 3107 1094 3155 Alterum
1116 3110 1184 3156 enim
1200 3111 1232 3158 ad

143 3181 486 3242 scivitenimquundosesibl
497 3180 673 3240 credidit,esse
699 3177 833 3226 Ecclesiam
851 3177 975 3238 pertinet,
994 3179 1059 3237 quod
1075 3178 1140 3225 uixit
1151 3191 1159 3226 a
1171 3181 1231 3228 liceo

143 3267 170 3303 se
183 3250 409 3312 lapsum.·1ieniqne
423 3250 489 3296 nibil
500 3249 568 3297 aliud
579 3263 632 3297 esse
648 3250 674 3296 in
699 3248 830 3294 audicimus
847 3260 900 3295 eom
917 3247 944 3293 iu
959 3247 1068 3306 Epirote
1082 3249 1231 3297 :meruimus

143 3315 618 3380 hominedesignavit,nisiquiaiieuru
629 3330 675 3367 no·
698 3328 751 3362 eom
758 3317 784 3362 lu
792 3315 880 3374 compta
886 3314 962 3372 syiooe.
971 3314 1082 3360 alterum
1089 3316 1232 3375 specialiter

143 3390 191 3439 vit.
212 3389 252 3437 Sic
265 3388 333 3436 enim
354 3388 430 3435 babes
441 3400 449 3434 a
462 3388 522 3451 Quid
537 3388 570 3436 eat
587 3387 673 3444 bomo,
699 3383 730 3430 ud
740 3382 862 3430 Dominici
873 3381 980 3443 corporis
988 3382 1232 3446 sponsionem,quod

144 3461 206 3521 quoa
226 3459 348 3507 annotante
366 3458 407 3507 «ες
419 3458 461 3504 agi
476 3456 538 3514 fieus
558 3455 673 3513 iumenti,
698 3451 796 3499 oraculo
808 3449 1007 3498 manifestissimo
1021 3451 1163 3513 reveletur,
1174 3463 1232 3501 oum

144 3530 201 3590 quio
210 3529 329 3588 computos
340 3524 409 3573 ami
418 3525 443 3570 Si
452 3537 509 3583 ergo
522 3524 600 3573 linuit
610 3527 675 3572 inso-
699 3518 1155 3580 dicitnrallcfruotuoeutrisluipouom
1162 3535 1232 3582 super
1337 3546 1344 3556 .

144 3597 247 3646 lentiam
266 3592 381 3653 damnat,
394 3592 561 3640 bumilitatem
578 3593 673 3652 induit,
697 3590 773 3636 uriom
783 3586 921 3636 roomuoii
931 3586 1014 3634 umen
1024 3588 1092 3636 tanto
1103 3591 1231 3650 negligens
1250 3598 1259 3621 ²¹

144 3668 213 3713 reete
224 3665 251 3711 in
260 3661 364 3710 historia
380 3660 467 3709 uxoris
483 3658 548 3706 Uriae
558 3661 675 3720 magiste-
699 3667 754 3704 esse
769 3656 902 3716 promissog
921 3665 971 3702 nou
987 3656 1055 3704 enim
1070 3659 1124 3704 sine
1139 3655 1231 3705 delini·

144 3735 212 3782 rium
230 3731 298 3786 istud
312 3727 453 3780 mouendae
470 3725 616 3777 humilitatis
631 3727 675 3776 acl-
699 3725 768 3772 tione
779 3723 864 3772 datum
879 3721 925 3772 est.
936 3722 1014 3773 Sedsi
1023 3724 1169 3773 custodieris
1180 3723 1230 3770 tes·
1303 3747 1307 3755 ·

145 3798 268 3847 sciscitur.
360 3808 363 3812 ’
698 3793 854 3853 tumentem,
870 3792 897 3841 ot
920 3793 1063 3841 testimonio
1088 3791 1229 3839 servareris

176 3866 216 3912 58.
237 3864 268 3912 Et
279 3864 364 3912 tamen
373 3861 396 3912 si
409 3874 444 3912 ex
454 3872 484 3910 er
497 3859 569 3910 name
578 3861 617 3911 est
631 3860 675 3909 iilo
699 3861 812 3920 bomini,
822 3874 878 3923 que
887 3861 1087 3920 innmngeliose
1096 3859 1230 3920 pollicetur

145 3932 261 3997 pacificus
278 3932 405 3992 suomon,
421 3929 550 3984 videamus
564 3941 597 3977 ne
612 3928 683 3977 torte
699 3942 753 3978 esse
763 3930 902 3991 dicturum,
912 3929 960 3979 tibi
970 3939 1067 3989 qnoque
1084 3926 1154 3988 copia
1164 3926 1230 3974 sedis

145 4001 292 4064 mysterium
298 3999 418 4061 slt,quo‹i
427 3998 523 4048 sublato
535 4010 566 4046 eo
576 3998 609 4046 (le
623 4010 676 4045 nae·
699 3998 794 4060 patebit
802 3998 911 4048 merae.
923 3997 981 4044 lico
991 3994 1023 4043 ‹le
1033 4006 1112 4043 uxore
1122 3994 1195 4043 [irie.

145 4067 249 4132 uio,qui
257 4069 315 4118 unte
324 4067 438 4130 coniugio
448 4079 494 4117 suo
502 4067 604 4129 plebem
613 4078 675 4129 gen·
728 4064 768 4117 io.
779 4067 816 4114 lio
828 4063 912 4114 lebab
925 4064 1009 4113 antem
1017 4062 1076 4110 ratis
1086 4062 1177 4121 curci,
1186 4058 1229 4110 cui

144 4135 210 4190 uun
236 4136 391 4201 riuiiosbet,
410 4136 455 4187 alii
482 4135 593 4189 nussia
616 4137 675 4185 uiro
699 4132 935 4194 uxorloaabe130t
952 4131 983 4182 cle
1000 4130 1230 4193 iecbouiailoquo
