2752 4784
424 379 602 427 Expostulo
617 380 650 425 ΙΝ
667 379 788 426 EUCAM.
1099 379 1144 425 etv

9 476 12 509 ;
37 487 43 495 -
63 459 103 509 ter
111 461 342 520 consideremus,ut
350 462 377 509 ln
384 462 445 522 ipsis
454 461 516 510 locis
523 461 594 509 nobis
619 461 793 521 intelligendos
807 459 922 509 arbitrati
939 457 1013 521 sunt,
1029 456 1095 508 bunc
1112 461 1145 507 li-

64 529 159 585 possint
172 529 263 576 melius
278 529 385 576 elucere.
397 532 443 592 Qui
452 530 519 577 enim
530 543 594 589 quoe-
618 530 692 577 brum
706 529 876 587 voluntvitull
887 528 969 588 specie
982 521 1095 589 ligumii3
1106 529 1146 576 vi-

9 612 21 637 ·.
64 597 110 652 rit,
121 599 220 643 inveniet
231 611 239 643 a
250 598 321 656 etqui
331 598 422 658 pulsat,
436 600 553 659 operietur
563 599 592 644 ei.
619 597 686 645 tulus
697 598 764 643 enim
779 595 935 643 sacerdotalis
949 597 985 644 est
996 597 1105 644 victima.
1116 598 1146 645 Et

14 670 29 683 ·’
65 663 151 721 Aperit
160 663 206 710 sibi
218 663 345 722 diligentia
355 664 456 726 ianuam
466 665 592 723 veritatis,
611 665 682 713 bene
701 664 813 724 congruit
827 665 906 711 vitum
921 664 962 712 hic
973 666 1099 724 Evangelii
1113 665 1147 712 li·

9 750 16 755 ·
64 730 90 775 et
100 728 156 777 ideo
165 732 293 791 praeceptis
305 733 445 780 scelestibus
455 743 592 790 pareamus.
619 732 677 792 ber,
688 733 747 792 quia
763 745 777 779 a
790 733 958 780 sacerdotibus
970 733 1108 792 inchoavit,
1120 735 1146 785 et

63 797 148 856 Neque
160 797 227 844 enim
241 799 317 846 otiose
332 799 424 847 dictum
436 799 473 845 est
483 796 594 856 homini,
619 801 797 847 consummavit
815 801 840 846 in
860 799 952 859 vitulo,
972 801 1014 859 qui
1036 802 1145 849 omnium

12 878 19 911 :
39 920 43 927 ι
62 865 129 924 quod
139 865 201 912 nulli
210 866 314 913 aliorum
323 866 486 913 animantium
497 878 504 911 a
516 868 544 912 la
555 880 595 914 su·
618 867 718 924 peccata
737 867 888 925 suscipiens,
904 879 949 925 pro
966 867 1042 916 totius
1059 870 1144 915 mundi

27 936 30 941 '
62 933 119 978 dore
128 933 205 980 uultus
216 934 251 980 tui
260 934 506 992 moodmubiaponcm
518 935 592 982 tuum,
619 934 671 984 vita
686 936 722 983 est
737 935 892 994 immolatus3
908 935 1064 984 sacerdotalis
1078 938 1145 984 enim

10 1028 16 1037 -
62 999 108 1046 liis
117 1000 183 1046 enim
198 1001 347 1048 animalibus
361 1013 416 1060 qum
432 1001 519 1047 natura
533 1001 595 1047 irra-
619 1003 656 1048 est
667 1002 709 1049 ille
721 1003 824 1050 vitulus.
836 1002 903 1049 ldem
913 1003 1007 1063 quippe
1016 1005 1043 1050 et
1053 1003 1147 1051 vitulus

61 1066 192 1115 tionabilia
207 1070 278 1126 sunt,
292 1068 363 1126 jussu
377 1067 423 1114 liei
437 1067 504 1116 terra
515 1067 594 1127 pabu-
619 1071 778 1117 etsaccrdos=
790 1067 917 1129 sacerdos,
927 1072 986 1130 quia
1002 1071 1147 1130 propitiator

27 1176 31 1183 .
61 1137 115 1184 lum
123 1137 264 1197 ministrare
270 1137 391 1197 praecepta
399 1137 503 1185 estasoli
510 1137 594 1184 autem
619 1140 655 1198 est
669 1139 765 1196 noster3
776 1139 920 1185 advocatum
932 1138 999 1184 enim
1009 1138 1088 1197 ipsum
1102 1139 1147 1185 lra-

10 1236 13 1247 .
59 1205 172 1271 bomini,
188 1208 216 1254 ut
235 1206 382 1257 rationabile
399 1206 465 1266 quod
484 1205 592 1265 accepit,
619 1205 704 1253 bemus
715 1207 883 1266 apndPatrem
894 1219 901 1252 a
912 1206 1020 1262 vitulus,
1033 1205 1092 1265 quia
1103 1219 1148 1253 suo

10 1270 34 1331 ’,
60 1275 197 1332 exerceat3
213 1273 271 1321 vitae
291 1285 377 1321 musus
394 1272 518 1322 inlabere
532 1285 594 1332 prar-
618 1275 736 1332 sanguine
745 1286 790 1322 nos
799 1274 881 1334 diluit,
891 1275 1036 1322 etredemit.
1045 1275 1074 1321 Et
1083 1275 1147 1323 bene

10 1364 30 1385 ·..
60 1334 188 1388 scribitur.
200 1340 247 1398 Qui
265 1341 332 1387 enim
348 1352 398 1387 non
413 1341 450 1388 est
464 1342 595 1388 contentus
618 1342 725 1401 accidit,
739 1343 768 1390 ut
782 1344 898 1402 quoniam
914 1343 1039 1402 Evangelii
1057 1344 1147 1390 librum

10 1394 33 1457 Β.
59 1408 208 1455 animalium
222 1408 312 1466 pabulo
323 1409 481 1466 ceterorum,
492 1408 534 1454 cui
545 1419 594 1455 non
618 1412 752 1458 secundum
764 1412 903 1459 ltattbaeum
911 1411 1023 1458 diximus
1033 1423 1087 1459 csse
1097 1424 1149 1459 mo·

59 1476 123 1531 eatis
141 1477 179 1522 est
197 1475 290 1535 lignum
309 1475 463 1523 fructiferum
481 1476 509 1523 in
526 1488 594 1524 eom-
618 1480 705 1538 roiam,
715 1480 799 1539 opinio
809 1479 978 1536 huiuscemodi
989 1492 1037 1527 non
1045 1480 1149 1539 prater-

59 1555 138 1593 mune
155 1544 268 1590 omnibus
282 1544 315 1590 ad
329 1557 410 1592 escam
426 1544 508 1591 datum
525 1557 533 1591 a
550 1545 594 1592 sed
618 1546 759 1594 mitteretur
769 1559 776 1605 ;
788 1544 1148 1607 moresenimpropriodicun-

10 1622 41 1673 j-·;
60 1611 165 1660 delicias
180 1611 227 1658 sibi
241 1613 366 1660 variarum
382 1613 492 1671 exquirit
507 1615 594 1671 epula·
618 1615 658 1660 tur
668 1615 779 1663 humani.
997 1656 1000 1661 ,

10 1690 13 1695 “
60 1695 116 1732 rma
124 1715 133 1740 ‚
142 1681 243 1729 delicias
253 1681 300 1728 sibi
312 1681 480 1740 transmarinis
491 1681 596 1729 arcessit
640 1683 671 1730 ¹8.
682 1675 796 1743 Plerique
806 1683 890 1731 tamen
900 1684 988 1742 putant
1003 1683 1085 1744 ipsum
1094 1687 1147 1734 Do-

10 1756 30 1817 2
61 1748 592 1813 eterris,deliciasverriteductibus,re·
616 1751 711 1798 minum
728 1753 838 1799 nostrum
854 1753 880 1798 in
897 1754 1002 1811 quatuor
1019 1755 1147 1811 Evangelii
1183 1775 1186 1778 ⁴

10 1866 21 1875 ,
61 1831 149 1866 cusare
163 1829 212 1866 non
227 1818 316 1877 debet,
333 1817 377 1876 qui
397 1817 482 1864 labore
497 1816 593 1863 victum
616 1818 701 1876 libris,
711 1820 816 1877 quatuor
832 1819 917 1866 formis
931 1820 1074 1866 animalium
1085 1821 1149 1880 tigu-

27 1910 36 1917 -
61 1886 182 1946 requirit,
194 1886 296 1933 brevem
311 1886 334 1932 si
350 1884 461 1931 laborem
475 1895 521 1942 pro
539 1884 593 1930 vita
617 1885 682 1942 rari,
692 1886 758 1944 quod
767 1886 835 1931 idem
845 1886 932 1943 bomo,
943 1886 1010 1933 idem
1020 1887 1073 1945 leo,
1082 1889 1148 1936 idem

10 1944 27 1993 ἱ
62 1953 151 2001 subeat
168 1953 271 2002 aeterna.
284 1951 369 2009 ltaque
386 1947 407 1995 si
423 1948 480 2008 quis
491 1949 523 1995 in
540 1949 593 1996 baec
617 1950 725 2009 vitulus,
736 1950 955 2013 idemaquilaesse
967 1954 1147 2012 comprobatur.

10 2026 39 2079 ·.'.
59 2023 211 2070 sacratarum
238 2017 430 2079 disputationum
458 2015 594 2064 certamina
612 2017 780 2078 ⁸llomo‚quia
797 2020 870 2066 natus
882 2031 915 2066 ex
929 2019 1080 2068 biarla‘est‘r
1093 2023 1147 2083 leo,

10 2102 39 2149 '.-
61 2090 181 2148 veniens,
196 2088 272 2135 exuat
285 2099 311 2134 se
324 2086 382 2133 vitm
397 2083 472 2141 buius
483 2083 594 2143 exposita
618 2085 799 2144 qnialortisest
808 2101 814 2133 :
824 2087 1086 2147 vitulus,quiabostia
1095 2092 1146 2138 est:

19 2160 27 2165 “’
62 2156 94 2206 ed
104 2167 213 2204 errorem
226 2153 407 2212 sollicitudine,
419 2155 444 2200 et
454 2153 594 2200 nudusma·
618 2152 715 2211 aquila,
726 2153 783 2212 quia
799 2155 946 2202 resurrectio
962 2155 1097 2214 astatque
1112 2158 1148 2205 ita

28 2222 31 2227 '
61 2224 134 2282 litiae,
143 2224 235 2271 athleta
243 2222 343 2281 pietatis
350 2222 406 2269 oleo
411 2220 516 2279 spiritali
524 2220 594 2267 velut
618 2218 645 2264 in
656 2219 725 2267 libris
735 2220 837 2279 singulis
847 2220 924 2267 torma
935 2222 1079 2269 animalium
1088 2224 1149 2281 figu-

10 2180 40 2441 ῐ
61 2290 274 2354 quaedamanimae
288 2290 398 2336 membra
413 2287 527 2348 perfusus
541 2299 595 2334 sus·
619 2288 701 2344 ratur,
720 2288 749 2335 ut
771 2288 965 2348 uniuscuiusque
992 2290 1052 2336 libri
1072 2292 1150 2340 series

61 2360 141 2420 cipiat
154 2359 290 2406 certamina
302 2356 429 2415 veritatis,
440 2354 507 2402 baud
518 2354 594 2402 dubie
619 2355 797 2414 propositorum
807 2356 927 2405 videatur
943 2356 1087 2404 animalium
1106 2363 1149 2408 aut

11 2446 17 2463 ν
61 2424 370 2490 perpetuupromerebitm
377 2423 595 2481 sacratarumprae-
620 2423 721 2480 naturae,
730 2425 772 2470 aut
782 2424 933 2481 virtuti‚aut
941 2423 1092 2483 gmtiac,aut
1102 2425 1149 2472 mi·

50 2496 113 2544 'ruia
130 2506 285 2541 coronarum.
297 2494 430 2540 munuum
444 2490 512 2538 enim
527 2490 595 2536 labo-
619 2492 702 2538 raculo
720 2492 860 2538 convenire.
872 2492 930 2548 Quae
945 2491 1006 2539 licet
1025 2493 1107 2540 omnia
1116 2494 1148 2541 in

62 2552 119 2611 rum
129 2562 220 2609 nobilis
228 2561 322 2608 tructus
330 2560 383 2606 est:
393 2560 419 2605 et
426 2558 516 2617 quanto
524 2560 595 2617 plura
620 2560 733 2606 omnibns
754 2559 803 2607 sint
810 2592 819 2616 ‚
835 2560 918 2607 tamen
931 2558 1067 2619 'plenitudo
1082 2574 1150 2621 quaa-

63 2631 215 2689 certamina‚
233 2630 300 2678 tanto
310 2627 492 2689 praecellentior
505 2637 594 2674 corona
620 2627 675 2674 dam
690 2629 717 2674 in
730 2628 833 2686 singulis
846 2628 967 2676 virtutum
986 2631 1024 2677 est
1040 2630 1150 2689 singula-

62 2700 196 2750 sumtum.
280 2739 282 2742 Α
619 2708 683 2743 rum.
704 2697 787 2744 ortum
808 2697 915 2744 bominis
935 2697 999 2744 alius
1019 2696 1149 2758 descripsit

94 2769 119 2816 7.
138 2767 189 2814 Sed
208 2767 240 2815 ad
256 2766 408 2826 propositum
429 2765 593 2820 revertemur,
619 2765 733 2824 uberius,
745 2778 828 2815 mores,
843 2778 941 2824 quoquo
963 2766 1069 2812 bominis
1084 2780 1149 2825 prae-

56 2826 187 2887 ‘umbrico
210 2837 278 2884 enim
303 2836 368 2895 stylo
393 2835 503 2882 diximus
527 2835 594 2882 bunc
620 2834 698 2892 ceptis
707 2832 863 2880 uberioribus
879 2832 995 2879 erudivit.
1007 2832 1150 2893 Aliusapo-

63 2905 193 2964 Evangelii
204 2905 297 2951 librum
313 2916 367 2950 esse
378 2903 508 2961 digestum.
520 2901 596 2948 Deni·
619 2901 788 2959 tentiaecoepit
798 2900 956 2959 expressione
968 2899 1072 2957 divinae,
1083 2901 1149 2959 quod

63 2989 115 3039 que
135 2974 304 3022 describendis
322 2972 399 3031 magis
415 2971 503 3028 rebus,
522 2982 594 3030 quam
620 2982 652 3017 ex
663 2971 729 3028 llege
740 2970 809 3028 ilex,
820 2967 890 3015 fortis
900 2979 933 3013 ex
947 2966 1018 3025 forti,
1030 2979 1105 3013 verius
1115 2979 1149 3014 ex

64 3042 237 3104 exprimendis
251 3040 396 3100 preceptis,
411 3040 519 3086 studium
533 3038 595 3085 ube-
620 3049 694 3096 rare,
712 3035 797 3083 vivida
814 3035 918 3082 mortem
932 3032 1025 3080 virtute
1041 3034 1150 3079 contem-

64 3110 309 3171 riuscomparatione
317 3108 421 3154 aliorum
429 3106 542 3154 videmus
550 3106 596 3152 im·
620 3104 689 3158 serit.
711 3103 809 3150 Tertius
829 3100 976 3148 sacrificium
995 3100 1148 3148 sacerdotale
1171 3149 1176 3165 ι

63 3191 179 3243 pensum.
196 3179 226 3227 Et
242 3178 296 3235 ipse
313 3175 468 3234 Evangelista
479 3174 595 3221 historico
620 3171 737 3231 praemisit
748 3171 774 3217 et
783 3170 860 3229 ipsam
871 3169 944 3216 vituli
957 3168 1150 3214 immolationem

65 3260 135 3298 nore
156 3259 171 3293 a
190 3242 437 3293 narrationesumsit
456 3242 593 3290 exordium.
620 3241 683 3300 stylo
701 3238 807 3299 quodam
821 3238 933 3297 pleniore
949 3235 1056 3303 diffudit.
1072 3236 1150 3293 Quar-

64 3317 136 3374 Facit,
146 3312 244 3373 lnquit,
254 3313 280 3358 in
289 3310 368 3358 diebus
378 3311 476 3358 Herodis
485 3310 545 3369 regis
555 3310 596 3356 Ju-
618 3311 660 3369 tus
677 3306 798 3367 copiosius
816 3304 909 3356 caeteris
926 3303 1015 3352 divinae
1030 3302 1149 3351 miracula
1218 3366 1221 3371 Ι

64 3378 595 3439 marcescesquidamnommezmbcrim,
620 3375 807 3425 resurrectionis
827 3372 959 3432 expressit.
982 3372 1050 3419 Unus
1073 3371 1150 3431 igitur

17 3438 23 3443 ⁸
66 3448 306 3512 eamquebistoriam
315 3448 388 3506 plena
396 3447 532 3507 digestione
540 3457 596 3506 per·
621 3444 716 3502 omnia,
727 3444 753 3491 et
764 3453 827 3488 unus
842 3442 868 3488 in
879 3439 1008 3498 omuibus,
1020 3440 1085 3486 sicut
1101 3440 1150 3486 lec-

65 3519 191 3580 cequitur.
205 3517 274 3564 tJnde
297 3517 373 3564 etiam
392 3517 411 3563 ii
428 3516 471 3575 qui
492 3517 596 3575 quatuor
621 3513 675 3560 tum
684 3511 736 3558 esta
746 3522 797 3557 non
808 3508 934 3557 dissimilis
945 3507 1094 3566 insingulis‚
1105 3507 1149 3554 scd

13 3622 16 3627 -
34 3634 48 3645 .
66 3586 213 3639 animalium
226 3585 315 3632 lormas
332 3594 388 3642 qum
404 3584 431 3628 ln
451 3583 595 3642 Apocalypsi
621 3591 696 3627 verus
706 3579 732 3624 in
743 3577 846 3623 cunctis.
855 3574 962 3632 Sediam
970 3573 1050 3634 ipsum
1059 3587 1151 3624 sermo·

15 3674 23 3691 ·
67 3652 229 3711 revelantur,
248 3651 355 3714 quatuor
373 3648 501 3708 Evangelii
521 3648 598 3695 libros
622 3658 680 3695 nem
690 3645 828 3691 adoriamur
837 3642 971 3700 Evangelii.
