2760 4794
148 538 194 588 tin
541 541 661 588 sArrc'rl
676 541 837 587 Alnssnosu

148 620 678 682 setisidoneusanclorestllieremlas,maxl-
703 623 835 681 selytormn
852 624 963 670 veterum
975 633 1072 681 genere
1091 620 1235 670 demanaret:

148 694 265 740 mireum
280 704 333 741 esse
351 691 436 739 delicti
448 704 455 737 r
467 692 509 738 cui
521 692 595 738 etiam
613 691 678 750 quod
702 691 751 739 Sed
766 690 794 752 nt
805 693 922 752 pleraque
943 705 1014 740 curae
1035 692 1156 740 humanm
1172 695 1235 750 sunl,

147 760 235 809 habult
245 773 349 819 nomen,
359 761 459 820 eripuit.
469 761 498 807 nt
507 760 562 808 ideo
571 762 615 821 qui
622 762 677 807 loa·
702 761 838 822 cognitioni
845 761 890 808 hoc
899 762 925 808 et
931 760 1048 820 indagini
1058 761 1176 809 veritatis
1183 772 1236 821 pra·

148 828 214 875 chlm
233 829 260 876 in
279 829 419 888 Regnorum
434 829 505 875 libris
520 828 678 887 dicitur,le-
700 829 810 889 judicare
822 841 872 877 non
882 828 971 889 potuit.

147 895 248 943 chonias
259 896 289 943 ab
297 896 423 945 Hieremia
431 898 468 944 est
478 897 632 956 nominatus,
641 896 678 944 di·
731 898 813 947 thile
820 897 983 946 nobistamcn
992 897 1074 957 possit
1080 897 1236 959 prejudicare
1248 921 1252 929 ·

147 965 219 1012 cente
231 978 274 1026 eo,
284 967 391 1026 Abjcctuc
402 971 434 1016 cst
445 967 568 1016 Jeclronios
581 970 608 1014 ut
618 981 676 1024 vus,
701 965 843 1022 videamus,
853 964 896 1024 qui
913 963 967 1011 veri
985 964 1133 1024 regalisque
1147 964 1236 1024 generis

146 1047 196 1081 nori
204 1037 298 1083 estuans
309 1038 334 1082 in
343 1037 484 1096 erm-propter
495 1036 553 1096 guod
563 1035 678 1094 projectus
702 1035 806 1084 dicimus
815 1034 952 1092 Christum,
965 1035 995 1081 et
1012 1047 1059 1094 per
1072 1048 1147 1082 veros
1160 1037 1184 1082 et
1196 1047 1236 1080 no-

146 1105 249 1163 citime,
258 1107 363 1152 etccmea
375 1106 432 1164 ejus.
441 1107 529 1161 Terra,
538 1107 611 1162 terro,
620 1106 677 1152 audi
701 1104 765 1152 biles
778 1116 848 1163 reges
863 1104 946 1150 actum
963 1103 1072 1150 Domini
1092 1117 1180 1163 genus.
1195 1103 1235 1150 Sed

146 1172 243 1219 vertum
261 1175 369 1231 Domini,
380 1173 452 1222 serim
467 1175 546 1221 uirum
556 1176 626 1221 istum
636 1173 678 1221 ab·
701 1172 745 1218 nbi
756 1171 893 1220 adulterina
900 1184 1009 1230 regnum
1018 1171 1152 1218 affectavit
1159 1183 1235 1230 propa-

146 1241 265 1302 dicatum3
283 1245 340 1303 guia
356 1255 404 1289 aon
421 1244 529 1302 exsurget
547 1245 677 1290 exsemine
700 1253 744 1300 go,
756 1240 935 1287 successionem
952 1239 1103 1287 nobilitatis
1121 1252 1185 1299 suae,
1195 1251 1234 1285 non

147 1309 197 1366 circs
205 1312 283 1358 sedens
295 1312 320 1357 iu
331 1311 413 1358 threno
420 1312 511 1366 Dueid,
520 1311 626 1370 princepe
634 1312 677 1357 ud-
700 1307 1235 1368 polentiae,sedgenerationisordoservarit.

146 1377 227 1425 hucin
237 1380 424 1429 sedulloenim
433 1378 676 1438 regnante,iudaeam
700 1377 792 1424 Tamen
808 1377 888 1436 ipsum
907 1389 995 1436 regem
1012 1378 1158 1426 secundum
1169 1377 1234 1423 hono-

147 1445 276 1505 Bahylorrii
302 1447 472 1506 vastaverunt,
499 1458 579 1506 neque
592 1447 676 1506 postea
700 1455 754 1490 rem
769 1444 853 1496 secuti
871 1455 922 1490 non
941 1445 1097 1504 accepimus
1113 1445 1233 1491 Christum.

147 1527 263 1574 umquam
282 1516 313 1562 de
325 1515 419 1563 semine
430 1515 483 1573 eius
498 1527 601 1574 regnum
612 1515 677 1575 quis·
700 1512 822 1570 Quomodo
834 1524 889 1570 ergo
901 1515 941 1559 iic
953 1512 1039 1572 snecta
1055 1515 1151 1561 ventris
1162 1513 1194 1560 tui
1201 1525 1234 1571 po

104 1609 108 1616 -
145 1594 220 1639 quarn
230 1584 256 1630 in
266 1584 349 1630 Judaea
359 1584 440 1643 potnit
453 1583 575 1631 obtinere.
591 1585 677 1631 Postea
699 1593 757 1631 nam
766 1595 835 1641 snper
844 1583 918 1629 sedem
930 1581 1018 1629 tuam?
1026 1582 1162 1639 Quomodo
1169 1583 1234 1627 etAn-

146 1648 213 1693 enim
225 1651 330 1707 populus
341 1652 372 1698 dc
387 1651 529 1710 captivitate
547 1651 676 1710 dimissus,
700 1650 768 1708 gelus
778 1650 809 1696 dc
819 1661 849 1697 eo
860 1649 934 1706 dicit,
944 1650 1016 1710 quod
1026 1651 1108 1698 Dabit
1117 1651 1154 1698 itii
1163 1651 1234 1698 Darni-

144 1714 191 1761 suh
199 1716 365 1765 sacerdotibus
374 1718 399 1764 et
405 1718 533 1765 tetrarchis
541 1718 596 1765 luit.
606 1720 675 1766 Unde
699 1733 744 1766 aus
754 1723 816 1768 Deus
831 1721 905 1768 sedem
916 1721 997 1767 Dceid
1005 1722 1089 1779 patris
1100 1723 1154 1777 nii,
1165 1723 1234 1779 ctrcg

146 1782 221 1830 etiam
241 1796 320 1843 usque
340 1783 371 1832 ad
387 1784 477 1831 christi
492 1787 675 1844 generationem
699 1787 766 1834 notit
774 1789 799 1833 ie
810 1789 878 1835 domo
888 1785 962 1834 Jacob
972 1785 984 1832 ἒ
995 1787 1133 1844 Quomodo
1143 1799 1234 1847 regnare

146 1865 259 1900 mansere
280 1855 424 1912 tetrarchae,
445 1867 476 1901 ne
495 1855 543 1914 ipsi
559 1855 675 1915 quidem,
699 1855 864 1914 promittitur,
879 1867 926 1906 nec
944 1855 1114 1910 ostenditur?
1128 1857 1175 1902 Ant
1183 1866 1236 1915 qno-

145 1923 264 1981 quantum
275 1923 378 1970 historia
395 1922 481 1982 docet,
497 1923 585 1984 regalis
595 1923 676 1984 digni·
699 1922 813 1976 medoen
824 1922 919 1970 semine
936 1922 1075 1976 lechoniae
1085 1924 1174 1970 nullus
1187 1936 1235 1982 reg·

145 1991 223 2038 tatem
234 1991 332 2050 generis
342 1992 504 2051 reservantes.
699 1989 801 2042 naturus
809 1989 899 2037 dicitnr
908 1991 1122 2051 perl’ropheiam
1129 1992 1140 2038 ἓ
1147 1991 1236 2038 sienim

176 2059 215 2105 tl.
228 2061 315 2108 Fertur
325 2060 392 2108 enim
401 2061 431 2107 ah
447 2060 499 2118 his,
514 2060 557 2120 qui
573 2059 626 2109 sive
636 2073 675 2109 ar·
699 2057 938 2118 caristusregnarit‚
947 2071 983 2106 ex
993 2061 1099 2112 semine
1110 2065 1193 2109 autem
1200 2062 1236 2108 Je-

145 2129 296 2189 gumentati,
311 2129 366 2177 sire
382 2128 529 2187 simpliciter
545 2129 675 2189 docentes,
699 2127 794 2175 cronia
804 2128 913 2175 Christus
924 2129 962 2175 est
968 2129 1116 2188 ,Propheta
1125 2130 1236 2179 mentitus

145 2195 198 2242 sive
210 2209 270 2243 vere
282 2196 676 2254 adstruentes‚tradideruutnohis
699 2195 750 2252 est,
763 2196 868 2243 mentita
879 2195 937 2248 sunt
948 2197 976 2244 et
992 2199 1116 2251 oracula,
1128 2199 1176 2246 Sed
1189 2200 1235 2246 illic

144 2265 427 2324 quialdumaeilatrones
435 2265 576 2312 Ascalonem
588 2267 675 2313 urlrem
699 2261 793 2310 tuturos
813 2276 845 2311 ex
865 2264 961 2312 semine
980 2265 1117 2323 lechoniae
1136 2269 1236 2326 posteros

144 2334 273 2381 Palestinae
294 2335 410 2394 ingressi,
430 2334 461 2381 de
482 2334 538 2381 iano
558 2334 675 2395 Apollinis
698 2332 1236 2395 norrnegatur3etideodesemineeJ'usest

146 2403 212 2461 quod
227 2404 336 2456 vicinum
349 2404 427 2451 muris
438 2404 504 2461 erat,
520 2402 674 2462 Antipatrum
698 2401 1182 2466 Christustetquodregnavitchristns,
1193 2419 1236 2452 non

145 2471 251 2519 Herodis
261 2473 386 2531 cujusdam
399 2471 521 2527 hieroduli
529 2470 538 2490 ⁸
546 2472 625 2519 lilium
634 2473 675 2520 in·
699 2472 781 2521 contra
792 2471 946 2531 prophetiam
957 2473 1074 2532 est3non
1087 2475 1156 2521 enim
1167 2489 1236 2522 seecu-

144 2543 184 2585 ter
194 2541 255 2587 alios
266 2541 390 2587 abduxere
402 2541 541 2600 captivum,
550 2553 622 2600 quem
632 2555 674 2600 pa·
698 2539 744 2583 lari
755 2540 847 2587 honore
863 2539 992 2599 regnavit,
1009 2553 1061 2588 nec
1079 2543 1109 2589 in
1119 2544 1235 2590 lechonia

145 2609 184 2652 ter
195 2607 317 2653 redimere
337 2609 437 2666 propter
448 2610 618 2666 paupertatem
629 2623 674 2656 ne·
698 2607 797 2655 sedibus
817 2608 882 2656 sedit
901 2621 908 2653 ι
926 2607 971 2655 sed
992 2612 1118 2670 regnavit
1138 2613 1165 2658 in
1185 2612 1236 2660 sede

144 2674 269 2732 quiritis
287 2674 359 2733 igitur
375 2675 484 2720 imbutus
500 2675 636 2734 disciplinis
649 2680 674 2725 et
698 2677 787 2723 David.

144 2742 270 2800 mysteriis
284 2742 437 2801 ludaeorum,
455 2743 565 2802 Hyrcano
583 2745 673 2793 Judaeae
728 2744 767 2790 15.
779 2747 934 2793 Verumcum
945 2746 1001 2805 ipse
1012 2748 1155 2798 lechonias
1164 2751 1236 2796 David

144 2812 197 2871 regi
209 2812 317 2859 amicitia
325 2811 465 2871 copulatur,
474 2824 597 2871 quempro
605 2826 631 2860 sc
643 2814 674 2861 ad
698 2813 791 2861 sederit
801 2814 898 2874 sedem,
909 2816 1131 2874 quemadmodum
1140 2819 1236 2865 solvitur

143 2882 287 2940 Pompeium
299 2882 424 2940 llyrcanus
439 2881 545 2940 legatum
562 2882 672 2939 direxit:
697 2881 765 2941 qnod
774 2882 867 2928 dictum
878 2882 928 2940 est,
939 2883 1000 2942 quia
1009 2885 1098 2933 David
1107 2887 1190 2934 sedem
1200 2888 1236 2932 lc-

145 2952 171 2999 et
179 2952 236 3012 quia
248 2952 377 3010 legationis
386 2951 468 2998 fructu
476 2950 620 3010 potitusest,
629 2965 674 3011 per
698 2950 793 3000 chonias
803 2951 895 3010 posteri
905 2963 956 2996 non
966 2951 1115 3014 sedebunt,
1128 2969 1184 3003 cum
1199 2968 1235 3001 ea-

144 3032 199 3066 eam
220 3021 321 3078 gratiam
338 3021 434 3080 partem
452 3020 521 3078 regni
538 3020 671 3069 enecent.
697 3017 754 3063 dem
773 3018 846 3065 sedes
864 3016 939 3063 fuisse
960 3017 1084 3067 videatur
1107 3024 1234 3069 amborum.

143 3088 228 3136 Occiso
246 3090 329 3136 antem
339 3086 465 3146 Antipatro
477 3088 577 3147 propter
594 3088 674 3135 felici,
698 3086 865 3146 ltaqueetnos
873 3086 1052 3146 sedemDavid
1062 3089 1142 3138 luisse
1153 3104 1235 3151 negare

143 3160 201 3206 tatis
211 3158 345 3214 invidiam,
357 3156 422 3203 tilius
435 3156 488 3214 eius
499 3157 607 3209 Herodes
617 3169 674 3216 pos·
697 3167 745 3200 nen
756 3167 951 3215 possumus3non
961 3155 1081 3204 eamdem
1088 3161 1172 3207 tamen
1178 3160 1235 3218 regis

143 3228 184 3272 tea
195 3226 239 3272 suls
251 3224 355 3271 Antonio
363 3222 572 3276 senatusconsulto
582 3223 674 3270 iudaeis
697 3224 778 3269 David
789 3224 872 3271 sedem
880 3224 1004 3283 Christus,
1015 3239 1098 3284 quarn
1111 3229 1234 3276 sechenias

143 3304 246 3350 regnare
262 3292 399 3351 praeceptus
414 3290 459 3337 est.
476 3290 551 3348 Cujus
566 3290 674 3338 Herodes
698 3295 777 3341 sedit:
790 3295 865 3342 immo
874 3308 920 3342 nec
931 3295 1068 3355 quisquam
1080 3300 1147 3347 alius
1157 3314 1188 3348 ex
1197 3314 1234 3358 ge·

143 3360 208 3406 silius
220 3362 245 3407 et
260 3362 303 3407 alii
320 3361 458 3407 tetrarcha.
479 3361 549 3418 Quod
568 3361 624 3407 ideo
642 3373 674 3407 ex
698 3376 757 3411 nere
774 3363 852 3410 David
866 3363 950 3419 sedem
963 3362 1018 3420 ejus
1033 3367 1125 3424 potuit
1141 3367 1232 3424 sedere,

143 3430 280 3476 Graecorum
297 3428 407 3475 historiis
417 3428 557 3486 putarimus
570 3429 674 3485 transic-
698 3444 771 3491 quam
781 3431 902 3491 Christus3
914 3430 972 3492 quia
984 3445 1032 3489 nec
1050 3434 1080 3481 in
1093 3436 1144 3484 alio
1155 3449 1233 3484 semen

142 3496 260 3555 rendum,
271 3497 299 3551 ut
310 3496 402 3542 clareat
412 3495 534 3542 ilerodem
543 3496 612 3545 nullo
623 3497 674 3543 atii·
698 3502 752 3559 ejus
762 3503 881 3550 aeternum
894 3503 943 3561 est,
955 3502 1001 3549 sed
1012 3503 1040 3548 in
1053 3505 1167 3565 Christo,
1177 3505 1234 3552 sicut

143 3577 200 3612 nem
211 3563 455 3623 generiJudaeorum,
467 3576 570 3623 regnum
579 3564 674 3612 adulte·
697 3570 763 3616 Deus
773 3570 825 3631 ipse
840 3569 934 3628 iuravit
944 3569 1032 3631 dicens
1046 3584 1054 3617 a
1068 3576 1146 3622 semel
1158 3575 1234 3634 jurari

143 3634 196 3681 rina
209 3632 294 3679 traude
305 3633 428 3692 quesisse.
440 3633 553 3692 Denique
562 3634 673 3682 conscius
697 3641 722 3684 ire
737 3641 817 3689 acacio
828 3652 894 3696 meo,
904 3641 925 3686 si
933 3639 1011 3687 Dauid
1022 3645 1152 3691 mentiar:
1163 3655 1232 3691 mmor

144 3702 302 3762 ignobilitatis
318 3714 383 3760 suae,
393 3714 425 3748 ne
443 3715 490 3762 qna
505 3702 608 3762 posteris
622 3704 673 3752 suis
696 3705 745 3764 ejus
755 3706 1029 3770 indicendae-monebit,
1039 3712 1064 3756 et
1075 3711 1196 3769 sedescjus
1205 3714 1232 3758 si-

84 3782 90 3788 ·
142 3773 184 3820 vel
195 3773 226 3820 de
237 3771 377 3832 praescripto
388 3770 466 3818 veteri
478 3772 579 3830 quaestio
590 3785 673 3819 move-
696 3776 775 3821 eutsot
786 3776 811 3821 ie
821 3777 940 3834 conspecta
950 3788 1013 3821 mco.
1021 3776 1109 3833 Quem
1122 3778 1231 3838 igiturdi-

142 3845 224 3900 retur,
235 3841 368 3901 scripturas
379 3840 597 3900 eorumincendit,
608 3843 673 3888 exis-
696 3843 730 3890 cit
747 3842 803 3889 111εὲ
819 3845 871 3890 Non
888 3843 1046 3893 Salomonem
1064 3848 1175 3908 utique,
1186 3859 1230 3895 non

110 3960 114 3976 .
142 3908 672 3969 limansquodsiindiciadepulrlicosustu-
696 3911 817 3970 Roboam,
833 3924 882 3958 non
902 3911 1013 3971 Nathan,
1037 3915 1088 3961 sed
1110 3918 1183 3964 illum
1204 3915 1230 3962 de

142 3981 225 4038 iisset,
247 3981 323 4026 nullis
338 3980 392 4026 aliis
412 3978 560 4025 testimoniis
577 3981 670 4026 clarere
695 3994 742 4039 quo
753 3981 803 4028 solo
814 3982 894 4040 potest
911 3981 1012 4028 dicere:
1024 3985 1124 4032 Ponam
1141 3989 1164 4033 ic
1175 3988 1230 4033 nied

142 4050 237 4107 posset,
247 4049 308 4108 quin
319 4049 348 4095 de
360 4047 553 4108 patriarcharum
563 4050 604 4095 vel
616 4062 672 4107 pro·
695 4064 792 4097 inanum
800 4051 861 4108 ejus,
877 4052 898 4097 ct
912 4053 936 4096 in
950 4051 1097 4107 flurrrieilrue
1116 4058 1229 4104 decinam

140 4119 679 4191 m
694 4119 751 4179 ejus.
761 4121 810 4179 lpse
819 4119 933 4167 invocabit
943 4131 995 4176 me,
1005 4123 1084 4190 Pater
1092 4125 1230 4180 memisse,-

144 4197 226 4244 jusdam
238 4197 288 4236 aedis
299 4208 374 4247 sacrm,
385 4203 436 4247 puta
446 4198 542 4240 custodis.
696 4189 734 4246 dl,
747 4189 837 4235 Pollam
849 4188 872 4235 t'lt
881 4187 991 4236 secutum
1000 4191 1168 4244 soecstlr'scmeu
1177 4192 1229 4255 ejllt,
