2760 4794
348 297 383 344 iu
398 295 558 344 reatuum
571 295 701 347 xxxvl}
715 295 920 345 pulsaturo:
965 362 967 366 .
1139 292 1171 347 Μ’

87 374 226 437 interrogas
235 375 296 438 quid
313 381 419 428 sentiat:
431 381 565 441 respondet
575 393 616 428 se·
639 382 814 442 perfectionem
829 383 886 442 qula
902 376 1172 440 ultramontanos

88 445 197 493 cundum
206 445 327 507 litteram,
338 450 460 509 percurrit
476 448 613 496 historiam.
638 451 743 509 pacifico.
755 450 877 510 Reliquiae
893 448 1009 497 dicuntur
1019 448 1126 496 bominis
1138 449 1170 497 do

86 511 286 572 Superexaltatus
296 515 395 564 videtur
405 518 450 565 tibi
463 518 487 565 et
496 517 614 575 elevatus,
640 529 742 577 corpore
752 519 859 579 mortui,
878 517 908 565 de
920 516 974 576 ejus
992 516 1100 566 exuviis.
1111 516 1171 566 ideo

87 580 109 627 si
128 581 235 629 litteram
251 583 352 642 cogites.
370 583 456 632 Transi
474 585 505 632 ad
520 585 615 633 intelli·
640 586 766 648 reliquie,
787 588 845 648 quia
863 586 918 647 post
938 585 1043 634 mortem
1061 584 1170 634 bominis

87 650 195 709 gentium
205 651 356 712 spiritalem,
365 654 423 713 quia
434 656 486 702 Lex
496 653 614 713 spiritalis
639 654 756 715 videntur
780 666 929 715 superesse3
948 652 1080 714 supersunt
1101 652 1171 700 euim

87 718 137 776 est3
149 719 219 767 vides
229 719 301 768 illum
312 721 377 769 nibil
389 735 456 783 esse,
466 723 520 770 tum
532 721 612 769 diois:
639 734 694 781 quae
700 724 829 771 servantur
836 722 867 769 ad
874 720 1170 780 resurrectionem0por-

87 788 144 836 Vidi
156 789 251 848 implum
262 793 493 850 superexaltatuntm
505 793 527 838 et
537 793 614 839 trous·
639 789 676 837 tet
686 789 755 837 euim
774 791 821 838 boc
838 789 998 850 corruptibile
1012 788 1117 836 iuduere
1128 788 1170 837 iu-

85 854 129 914 let,
137 860 159 904 et
175 870 224 904 cccc
234 871 283 905 noo
292 861 361 906 erut:
373 862 394 907 el
405 861 499 920 quesivi
509 873 576 917 eum,
591 861 615 907 ei
639 859 836 919 corruptionem,
848 860 874 908 et
884 860 931 908 lroc
949 858 1052 906 mortale
1063 857 1170 906 iuduere

84 926 427 987 uoncslioeentusioousejus.
438 925 613 986 Quaesivieum
638 926 856 975 immortalitatem.
874 929 937 988 Ergo
959 926 1038 986 magis
1055 925 1169 986 reliquias

83 991 128 1038 ubi
146 994 343 1054 essedebuerot,
359 994 403 1042 ubi
417 995 470 1043 vita
485 996 545 1043 est:
562 1007 612 1042 non
636 995 694 1043 sunt
712 996 819 1044 hominis
838 1009 894 1056 spes
917 994 1121 1053 resurrectionis,
1140 995 1168 1043 et

84 1056 179 1106 illum
173 1061 267 1108 inveni.
286 1062 339 1109 Nou
358 1063 410 1110 erat
429 1061 478 1121 ibi,
497 1062 541 1110 ubi
559 1063 611 1111 rita
636 1063 697 1112 tides
705 1065 913 1124 couversroms‚et
923 1065 1000 1124 gratia
1012 1062 1168 1123 dilectionis;

84 1130 152 1186 crut3
170 1129 228 1189 quia
246 1130 358 1178 mortuus
369 1131 437 1189 erat,
449 1131 475 1178 et
493 1130 550 1179 ideo
564 1143 611 1179 nec
635 1132 780 1191 quoniam·
773 1134 844 1193 rmpii
854 1145 904 1181 non
914 1132 1045 1193 resurgrmt
1062 1133 1089 1179 iu
1098 1132 1167 1191 iudi-

82 1197 150 1244 locus
161 1198 215 1256 ejus
225 1199 341 1247 iuventus
349 1201 395 1247 est.
403 1200 462 1258 Quis
473 1200 540 1247 euim
548 1213 612 1247 mor·
636 1199 701 1247 cium
720 1213 726 1247 ι
746 1201 798 1249 uita
815 1204 899 1251 autem
909 1202 1033 1249 iustorum
1044 1201 1103 1248 uota
1125 1199 1165 1247 est

83 1265 122 1311 tui
132 1267 214 1326 locus,
231 1267 275 1327 qui
289 1279 338 1314 nou
354 1269 421 1327 erat,
435 1280 482 1315 uec
493 1267 542 1316 tuit
557 1281 611 1315 um·
636 1266 701 1326 Deo,
718 1269 743 1316 et
755 1269 849 1328 iudicio
868 1269 967 1316 Domini
984 1267 1165 1328 comprobatur.

83 1333 173 1392 quam?
188 1335 241 1381 lton
260 1335 327 1382 enim
344 1335 404 1394 tuit,
423 1334 466 1395 qui
482 1335 508 1382 in
528 1336 611 1384 littera
636 1333 698 1380 Huic
709 1335 762 1382 loco
778 1337 863 1396 pulcre
876 1336 940 1382 illud
953 1335 1070 1384 convenit
1084 1347 1091 1380 ι
1103 1335 1167 1382 lielt-

84 1403 153 1459 orat;
166 1402 249 1449 littera
259 1415 326 1451 enim
338 1403 446 1452 occrdrt
459 1403 611 1463 spiritusau-
635 1406 695 1462 quie
710 1408 978 1456 meandumelectionem
994 1406 1076 1467 prule
1094 1404 1166 1453 solco

84 1471 136 1518 tem
155 1469 273 1519 vivificat.
292 1473 398 1531 Quaesivi
415 1485 472 1532 ergo
487 1485 559 1530 eum,
583 1473 611 1520 ut
634 1475 702 1535 facte
710 1477 775 1522 sunt.

83 1537 241 1589 invenirem:
253 1541 331 1588 illese
343 1552 395 1587 non
405 1541 523 1600 praeburt
534 1540 580 1588 ut
572 1553 610 1588 nr
663 1542 703 1589 82.
720 1543 806 1601 injusti
820 1545 899 1592 autem
914 1543 1057 1605 dispertiunt
1069 1541 1164 1591 semul

82 1609 226 1669 veniretur3
238 1609 285 1657 boc
298 1610 335 1658 est
339 1622 401 1670 ‚ego
412 1623 468 1657 eum
476 1610 544 1659 volui
552 1621 610 1657 con
633 1612 757 1670 reliquie*
748 1613 873 1672 turpiorum
890 1612 1025 1660 interibunt.
1039 1611 1165 1659 Iustorum

82 1679 200 1724 vertere·
193 1709 204 1745 ,Ι
212 1676 255 1724 ille
267 1689 293 1724 se
309 1677 372 1725 mrbi
390 1677 500 1738 praebere
516 1678 608 1737 noluit,
634 1678 746 1737 reliquiae
757 1679 862 1726 virtutes
873 1678 967 1727 sunt.
960 1679 1093 1739 impiorum
1103 1676 1164 1724 reli-

82 1744 110 1791 ut
122 1746 383 1794 convertuntuntur
393 1760 446 1806 quae
459 1746 530 1793 erant
540 1760 609 1806 quae-
633 1746 712 1805 quiae,
728 1745 873 1807 improbitas
888 1748 961 1807 atque
978 1745 1087 1808 perfidiae
1103 1757 1165 1805 peo-

82 1815 160 1860 rentis
171 1814 230 1861 :ille
238 1813 329 1872 refugit
338 1826 381 1870 ea,
389 1827 443 1873 quae
456 1827 509 1863 esse
517 1815 608 1862 debue·
634 1816 722 1863 catum.
733 1818 768 1863 Ea
779 1816 943 1876 delebuntur,
956 1816 1045 1864 utnon
1057 1814 1115 1862 sint.

81 1884 137 1931 rant
153 1883 309 1932 revertentis.
327 1882 439 1942 Denique
458 1882 539 1929 anima
555 1896 608 1943 quae
662 1884 701 1930 85.
715 1887 784 1933 Solus
798 1888 877 1932 autem
889 1886 1009 1944 justorum
1020 1898 1036 1932 e
1046 1886 1165 1942 Domino‚·

82 1953 509 2012 couvertirult,verbumrequirit3
519 1953 607 1999 etcum
633 1964 703 1999 noua
714 1955 815 2013 saeculo,
824 1966 873 2000 uon
884 1954 915 1999 ab
928 1953 1059 2000 elemento.
1068 1952 1165 1998 Goeluur

82 2022 219 2082 invenerit,
230 2021 291 2070 dicit
302 2036 308 2068 ι
331 2024 475 2079 Treuirum,
487 2025 509 2069 et
516 2035 564 2069 uon
574 2023 608 2068 di·
633 2023 658 2069 et
668 2022 733 2069 terra
745 2023 915 2082 praeteribunt.
926 2024 977 2068 Non
988 2021 1113 2069 committo
1124 2034 1163 2068 sa·

81 2093 174 2139 mittum
184 2105 237 2140 eum
242 2106 252 2151 ,·
272 2091 318 2138 boe
330 2091 380 2148 est,
389 2090 434 2136 Dei
442 2091 547 2148 Filium,
560 2090 607 2136 Dei
632 2090 710 2137 tutem
720 2101 801 2137 meam
814 2091 875 2137 ooelo
884 2102 891 2148 3
900 2089 958 2150 quta
966 2091 992 2137 et
1004 2089 1084 2148 ipsum
1099 2102 1161 2148 prae-

33 2198 36 2203 .
82 2161 199 2208 Verbum.
221 2159 342 2218 injustum
362 2157 445 2206 autem
462 2160 505 2218 qui
528 2157 607 2207 sanari
632 2158 705 2215 terit,
720 2158 778 2216 quia
794 2157 825 2205 de
845 2158 957 2216 pluribus
975 2158 1044 2204 coetis
1067 2156 1162 2203 dictum

80 2230 174 2291 uoluit,
184 2228 286 2290 quaesivi
297 2240 368 2287 eum,
380 2228 406 2274 et
416 2227 573 2288 noninveni;
583 2231 609 2278 et
633 2228 671 2272 est
683 2238 689 2270 ι
702 2227 749 2284 lpsi
757 2226 865 2285 peribunt
875 2257 883 2281 ‚
900 2228 926 2271 lu
942 2227 1019 2271 ocum
1027 2237 1161 2283 personet.

79 2298 137 2345 ideo
152 2298 284 2345 nouitium
295 2295 409 2341 imiteris.
633 2295 683 2341 ileo
691 2295 737 2341 soli
748 2293 888 2354 committo,
901 2293 943 2353 qui
959 2293 1104 2352 permanet,
1117 2293 1163 2351 qui

111 2367 151 2415 8l.
163 2369 255 2415 Custodi
264 2365 433 2421 innocentiam,
445 2365 466 2410 el
476 2364 526 2410 vide
536 2367 608 2424 eqni·
632 2361 922 2423 potestpeccatauonaru
931 2361 1165 2419 utprotoctormeus

80 2438 160 2482 totern.
172 2435 219 2494 Qui
230 2431 335 2482 custodit
342 2431 518 2489 innocentiam,
530 2433 608 2492 aequi·
632 2429 664 2477 sit
675 2430 702 2477 in
713 2433 822 2491 tempore
833 2429 1012 2487 tribulationis,
1026 2428 1051 2475 et
1060 2428 1165 2488 adjuvet

79 2505 156 2550 tutem
168 2503 251 2563 ridet3
262 2502 378 2562 quoniam
386 2500 429 2560 qui
440 2502 545 2548 mundus
556 2503 606 2561 est,
632 2512 687 2558 me,
696 2500 721 2546 et
728 2500 819 2547 liberet
829 2511 884 2558 me,
895 2499 921 2545 et
932 2498 1022 2558 eripiat
1033 2511 1072 2544 me
1082 2510 1095 2543 a
1104 2510 1164 2557 pec-

80 2573 160 2619 Deum
176 2571 261 2630 videt,
277 2571 347 2628 ouius
357 2569 425 2627 virga
438 2568 505 2617 rectu
520 2569 570 2628 est,
582 2570 607 2617 et
632 2567 848 2628 sutoribusJudicii
856 2567 894 2615 sui
902 2567 1165 2627 tempore‚etsnlvum·

80 2644 146 2689 rocta
160 2641 270 2700 justitia3
280 2639 308 2686 ut
319 2639 446 2686 aversetur
458 2638 551 2698 eosqui
563 2640 607 2687 de·
632 2649 671 2684 me
683 2637 769 2696 iaciat,
781 2637 896 2697 quoniam
908 2636 1004 2696 speravi
1017 2636 1043 2682 in
1054 2649 1121 2683 eum.
1130 2638 1164 2685 lu*

80 2709 227 2768 cliuaverint
246 2708 277 2756 ad
293 2707 373 2755 studia
389 2707 525 2767 pravitatis.
541 2710 606 2755 Bona
633 2705 710 2764 ipsum
728 2705 808 2751 solum
824 2703 933 2764 speravi3
957 2716 1007 2752 non
1023 2705 1078 2751 vult
1092 2703 1160 2751 enim

78 2778 233 2838 innocentia,
247 2790 301 2837 quae
312 2778 393 2824 Deum
402 2776 479 2824 videt.
492 2776 606 2837 Denique
631 2788 675 2821 nos
686 2774 711 2821 et
726 2774 772 2821 sibi
789 2776 814 2822 et
825 2775 869 2821 olii
882 2774 983 2823 servire.
997 2774 1043 2832 Qui
1055 2773 1101 2832 ipsi
1114 2773 1162 2822 soll

79 2847 123 2894 ulii
137 2847 272 2906 posuerunt
289 2859 295 2891 :
317 2847 411 2893 Custodi
426 2845 605 2906 perfectionem
632 2844 986 2904 servit‚liberatur;quoniam
994 2842 1041 2903 ipsi
1051 2846 1087 2891 est
1094 2845 1162 2901 laus,
1198 2894 1202 2901 ,

78 2914 202 2974 perlectus
213 2914 251 2962 est
260 2913 327 2961 euim
338 2914 380 2973 qui
392 2913 511 2960 malitium
519 2915 606 2973 nescii,
632 2914 716 2973 gloria,
725 2913 877 2973 perpetuitas
885 2925 899 2959 a
908 2913 1013 2970 saeculis,
1025 2912 1050 2959 et
1060 2910 1160 2958 nuncet

77 2996 125 3034 neo
142 2983 223 3031 dolum
237 2981 314 3030 novit.
330 2981 387 3029 ideo
403 2981 501 3041 inquit:
514 2984 608 3032 Custodi
632 2994 738 3042 semper,
747 2982 773 3029 et
783 2981 809 3029 in
817 2981 898 3028 omnia
906 2981 994 3028 saecula
1005 2981 1158 3028 saeculorum.

424 3127 1161 3154 w

246 3245 294 3306 IN
314 3243 522 3306 PSALMUM
543 3245 705 3306 XXXVII
726 3243 993 3305 uunuunulo.

552 3418 688 3431 m

230 3549 447 3603 PRAEFATIO
634 3523 770 3571 adhortatio
778 3522 930 3582 poenitentiae
938 3519 1160 3582 velprotectusest,

631 3589 652 3637 si
663 3593 776 3650 geratur·
786 3603 851 3638 nunc
861 3593 943 3637 autem
954 3589 1159 3649 quemadmodum
1193 3613 1196 3618 ·

107 3668 131 3715 l.
147 3663 342 3712 nreoenrtenua
361 3662 445 3710 duos'
437 3674 488 3725 Jam
514 3661 604 3708 dudurn
631 3658 670 3717 agi
691 3659 837 3719 poenrtentra
848 3657 950 3716 debeat
971 3656 1160 3737 exprimendum

75 3731 164 3792 scripsi
179 3726 290 3790 libellos,
303 3731 329 3779 et
346 3730 436 3776 iterum
448 3727 605 3776 scribendum
631 3727 680 3786 est3
689 3739 762 3774 ιιιιιι
775 3727 840 3774 enim
856 3727 955 3786 prodest
966 3738 1052 3786 agere
1064 3738 1112 3772 msr
1123 3725 1157 3772 ris

75 3798 190 3848 arbitror.
210 3798 335 3877 Primum,
353 3798 411 3857 quia
426 3797 488 3844 utile
506 3797 542 3843 est
563 3796 605 3842 vel
630 3761 716 3854 aga’tur
727 3797 755 3842 ut
764 3795 867 3854 oportet
876 3796 903 3840 ln
912 3807 960 3854 quo
970 3795 1068 3843 sanctus
1077 3792 1159 3839 David

75 3865 186 3927 quotidie
201 3866 300 3915 veniam
318 3865 464 3912 delictorum
480 3864 602 3923 precari:
629 3864 781 3923 sequendum
802 3863 873 3911 nobis
893 3863 1019 3923 proposuit
1043 3860 1160 3917 magisto-

74 3933 166 3984 deinde
174 3934 289 3995 quoniam
300 3935 327 3982 in
342 3933 393 3981 illis
404 3933 499 3982 duobus
512 3932 604 3982 libellis
629 3931 712 3993 rium,
724 3932 767 3993 qui
786 3931 842 3981 ideo
859 3930 922 3979 mibi
934 3929 1035 3981 ridetur
1048 3928 1158 3986 gustans
