2760 4794
426 441 460 485 ln
475 441 633 486 PSALMUM
648 441 758 486 cxvnl
772 443 961 487 expostam.
1186 437 1230 486 513

142 518 208 570 tenti
225 521 257 569 ad
275 531 346 580 eum,
364 522 406 583 qni
424 522 460 571 ait
475 525 545 584 :Epo
563 526 585 570 et
602 525 675 580 Pater
700 522 1228 584 nialDominumlesumrtrementespaeem

143 603 216 637 uuam
224 603 305 638 summ
311 622 319 647 ,
329 589 370 637 isli
379 603 476 651 quoque
487 592 554 638 oculi
562 602 640 637 unuin
648 602 675 636 se
702 589 756 648 ejus
763 590 1158 650 tranquillitatemqueservarent.
1166 592 1228 640 Audi

143 671 197 706 esse
208 658 367 706 comentur·
360 660 436 719 ,quia
443 672 492 706 nno
503 660 576 719 atque
588 658 675 706 eedem
702 671 759 718 ergo
769 663 868 721 maalein
876 659 1003 718 Apostolus
1011 661 1230 708 sermonembnbe·
1293 681 1300 688 =

144 723 265 773 desiderio
277 725 559 806 olssdeqnetunguntur.
701 726 751 773 bat.
762 729 892 784 Etsermo,
904 727 999 786 inquit,
1020 739 1085 776 meus
1105 731 1127 775 et
1145 732 1231 788 proecli·

174 795 214 842 ll.
236 794 372 842 Deficiebat
387 807 444 856 erge
457 796 483 843 in
501 795 605 843 verbum
617 795 675 844 Pre-
701 796 825 842 cotiomeo
841 808 890 842 ooo
910 795 1096 855 iaperauosr'ooe
1113 797 1231 854 seperatim

144 863 227 926 pheta.
237 865 284 911 llos
294 865 378 911 autem
389 866 478 912 otiosos
489 877 533 911 nos
546 865 675 924 putamus,
702 865 840 922 verboram,
854 865 916 912 sed
906 877 932 910 m
950 866 1077 912 ostensione
1096 866 1194 931 spiritus
1209 867 1232 912 et

143 932 167 981 si
185 933 261 981 verbo
279 933 450 980 tantummode
473 933 572 981 studere
591 934 676 981 videa·
701 934 809 994 virtutis;
821 933 878 993 qnia
896 932 1016 980 tidesnen
1031 931 1057 978 iu
1072 932 1163 980 lorensi
1179 946 1232 981 ser·

143 1012 217 1048 mur·
211 1033 217 1046 .
228 1001 339 1062 etpluris
348 1002 498 1049 aestimamus
508 1015 550 1049 eos
560 1003 603 1062 qui
614 1015 675 1061 ope-
701 1012 773 1048 mene
784 1002 910 1061 sapientiae
921 1034 929 1061 ,
940 1002 983 1049 sed
990 1001 1038 1049 Dei
1047 1002 1139 1050 virtute
1149 1002 1232 1050 firma-

143 1069 242 1130 rentur,
254 1082 328 1131 qnam
343 1071 439 1131 eosqui
455 1071 565 1118 studium
575 1084 677 1131 eognos-
701 1069 750 1117 tur.
762 1071 822 1130 Ergo
833 1069 859 1117 in
873 1083 985 1118 sermone
1000 1072 1139 1118 sanctorum
1153 1072 1232 1119 virtus

145 1138 503 1188 cendaedivinitatisexercent.
510 1140 601 1187 Dicunt
609 1140 675 1187 euim
702 1140 752 1195 est,
768 1139 794 1185 in
809 1151 921 1186 sermone
940 1139 1022 1186 antem
1040 1138 1131 1187 lorensi
1145 1140 1192 1187 isto
1203 1153 1232 1188 ae

142 1205 259 1267 plerique
277 1218 285 1254 r
303 1208 366 1254 Ecce
384 1207 458 1255 borno
474 1208 500 1254 et
517 1220 592 1268 opera
613 1207 675 1265 eius.
702 1206 871 1267 philosophico
886 1207 982 1256 vanitas
999 1207 1096 1254 mundi.
1109 1208 1232 1257 Virtutem

144 1274 219 1333 Quasi
231 1287 291 1322 vero
301 1273 343 1335 qui
353 1276 429 1324 verbe
440 1277 551 1336 studeat,
561 1289 611 1324 non
619 1289 678 1336 ope·
703 1276 783 1322 antem
793 1289 846 1323 esse
854 1276 879 1323 in
889 1275 1146 1324 sermonesanotorum
1157 1276 1233 1324 etiam

145 1343 229 1402 retur3
240 1355 295 1392 eum
305 1343 385 1402 maius
397 1357 458 1404 epus
468 1344 534 1391 istud
545 1357 619 1404 quatu
630 1358 678 1393 cae-
703 1343 749 1390 iste
755 1345 876 1403 Propheta
881 1346 906 1392 te
913 1345 1007 1400 doceat,
1014 1344 1057 1403 qui
1064 1344 1233 1409 aitrllomimts

146 1410 200 1458 tera
213 1411 272 1459 slnt.
291 1412 395 1460 sienim
411 1425 473 1474 opus
486 1413 677 1472 iustitiaest‚si
702 1414 772 1461 debit·
787 1415 882 1462 verbum
905 1415 1127 1475 Eneapetizonttlms
1148 1417 1233 1463 sirleto
1278 1461 1284 1466 .

147 1491 209 1538 epus
230 1481 405 1543 temperantia,
421 1485 441 1529 si
465 1494 525 1542 epus
543 1483 676 1530 tortitudo:
703 1484 794 1542 moltu3
809 1484 855 1530 hoc
875 1484 965 1542 est,ut
982 1484 1061 1530 multa
1072 1483 1166 1542 possint
1183 1484 1233 1531 rir-

146 1549 233 1610 ntique
248 1563 309 1610 opus
327 1552 364 1599 est
376 1552 452 1600 etium
470 1553 607 1612 sapientia3
624 1552 678 1601 istae
703 1551 755 1599 tute
774 1552 933 1611 Evangelium
949 1552 1090 1611 praedicare.
1101 1553 1233 1601 Probaturn

146 1618 216 1666 enim
233 1622 339 1679 quatuor
349 1619 498 1681 principales
512 1621 617 1669 virtutes
632 1622 678 1668 ba·
703 1623 740 1667 est
747 1634 804 1680 ergo
815 1622 880 1680 qued
890 1621 1049 1680 inErangelii
1061 1622 1233 1680 praedicatione

79 1733 83 1739 ,
145 1685 247 1733 buntur.
256 1686 342 1734 Namsi
352 1692 467 1746 operatur
475 1688 678 1736 Christussecnn-
703 1691 735 1736 sit
747 1691 841 1738 virtus·
852 1691 994 1737 Praedieatio
1004 1692 1087 1738 antem
1096 1691 1233 1750 Evangelii,

146 1752 204 1800 dum
216 1754 386 1813 quodjustitia
403 1757 440 1802 est
446 1756 678 1816 ,utiqneoperatur
703 1771 782 1806 sermo
798 1759 1005 1806 sanctorumest:
1024 1759 1234 1806 itadubiumnon

145 1823 282 1870 secundum
293 1823 358 1883 quod
369 1824 479 1870 Verbum
492 1825 538 1871 est.
551 1826 580 1872 at
590 1838 678 1883 opera
703 1827 810 1888 residet,
828 1828 890 1888 quin
911 1827 938 1873 in
965 1838 1077 1874 sermone
1097 1828 1180 1875 sancto
1199 1828 1233 1875 sit

147 1890 220 1938 batur
236 1904 293 1938 euni
304 1892 390 1940 esset'
384 1906 410 1939 ιιι
425 1893 547 1953 principie
559 1894 623 1953 apud
633 1896 679 1940 Pa·
704 1895 794 1943 virtus.

147 1961 220 2007 trem.
239 1960 352 2020 Denique
368 1965 504 2022 peripsum
518 1964 597 2008 omniu
616 1962 679 2020 fucta
735 1963 1104 2023 temperamentum
1117 1965 1234 2025 Quoniam

147 2027 250 2089 auat5ut
262 2031 324 2076 scias
335 2029 488 2088 operatorem
497 2041 607 2076 omnium
617 2042 679 2088 esse,
705 2031 779 2089 suetus
797 2045 849 2079 suin
868 2034 989 2091 tamqnam
1007 2034 1059 2077 uter
1076 2033 1101 2077 tn
1119 2033 1235 2091 pelicidr'o,

149 2097 175 2143 et
185 2109 246 2156 opus
256 2099 366 2144 nostrum
382 2109 435 2144 esse
451 2097 575 2152 Christum
585 2097 678 2142 lesum.
701 2100 876 2158 justificationes
887 2102 940 2146 teos
950 2111 998 2145 non
1008 2113 1060 2146 sum
1077 2100 1169 2147 oblitus.
1181 2101 1236 2147 Vox

148 2164 245 2213 Etenim
265 2165 401 2213 secundum
423 2165 489 2226 quod
506 2165 610 2212 verbum
630 2167 679 2223 est,
705 2168 906 2227 ista,vex1usti
925 2168 978 2228 est,
994 2167 1036 2228 qni
1051 2168 1236 2216 mortificaverit

149 2234 253 2281 verbum
262 2234 452 2295 inquirentibus,
460 2234 616 2295 grandeepns
624 2246 681 2280 ver·
705 2249 777 2283 sunm
793 2249 892 2296 corpus3
908 2236 976 2284 recte
992 2236 1058 2283 enim
1068 2237 1124 2283 uter
1142 2236 1236 2284 dicitur

149 2300 209 2349 burn
221 2303 267 2356 est,
286 2303 356 2350 Unde
367 2315 423 2355 cum
441 2303 535 2349 llartba
552 2301 681 2349 festinaret
704 2303 797 2364 justus,
809 2305 853 2365 qui
865 2304 1029 2365 exspoliatus,
1041 2316 1090 2350 nen
1106 2303 1186 2351 nudus
1196 2305 1237 2352 in-

149 2371 215 2419 cirea
234 2372 415 2431 ministerium,
429 2371 504 2418 Maria
524 2371 605 2418 autem
624 2383 681 2418 ver·
706 2372 838 2419 sortiatur:
857 2375 914 2420 uter
928 2384 1034 2432 namque
1051 2371 1081 2418 de
1098 2372 1197 2418 exuviis
1207 2372 1236 2421 m

150 2439 210 2488 bum
219 2441 317 2488 Domini
328 2441 426 2489 audiret
438 2453 446 2486 a
459 2453 488 2487 ea
499 2452 554 2499 qua
564 2439 681 2486 audiebat
706 2440 838 2488 annuentis
848 2441 947 2488 mortni.
958 2440 1035 2500 Igitur
1046 2440 1071 2486 et
1081 2452 1125 2486 nes
1135 2442 1236 2499 peceato

151 2508 175 2556 ei
191 2523 245 2569 quae
263 2509 416 2557 ministrabat
442 2508 534 2555 meruit
554 2507 680 2555 anteferri.
706 2508 853 2568 moriamur,
870 2507 900 2554 ut
917 2507 1030 2555 vivamus
1053 2507 1114 2553 Deo.
1137 2507 1236 2566 Repleti

150 2578 249 2626 Dicenti
262 2579 329 2626 enim
339 2578 439 2626 blarlbae
450 2589 458 2620 r
468 2578 580 2634 Domine,
590 2590 638 2623 aea
648 2580 681 2625 est
707 2575 806 2635 spiritus
822 2574 991 2634 iucunditate,
1003 2575 1028 2621 et
1039 2573 1161 2621 suavitate
1175 2574 1237 2623 laeti·

151 2647 194 2694 tibi
211 2661 286 2705 euroe,
306 2648 367 2708 qued
387 2661 455 2695 soror
471 2660 524 2694 mro
541 2647 635 2706 reliquit
645 2659 681 2693 me
707 2643 761 2702 tiae,
780 2645 872 2691 erimus
888 2643 986 2691 exuviae
999 2642 1134 2702 spiritales,
1151 2654 1237 2702 caren-

151 2717 225 2763 selom
236 2715 682 2776 ministrare?Dicerqodlsutmeod-
707 2716 744 2761 tes
767 2712 910 2760 infirmitate
936 2722 1068 2772 corporea,
1094 2711 1120 2759 et
1140 2711 1238 2773 integro

147 2782 220 2842 juret.
231 2787 390 2844 Respondeas,
402 2787 462 2832 dimit
472 2787 604 2832 Dominus:
615 2786 683 2832 Mar-
707 2784 797 2830 mentis
814 2784 870 2830 sinu
887 2776 993 2829 intn'sam
1009 2781 1079 2828 nobis
1096 2781 1237 2830 divinornm

151 2851 435 2909 lba,lllortlm....ll1arie
445 2854 529 2900 bouem
539 2856 628 2913 partem
638 2854 683 2900 ele·
708 2850 879 2909 mysteriorum
898 2850 1000 2908 gratiam
1015 2850 1179 2897 reservantes.
1199 2850 1237 2897 De

152 2921 197 2979 pit,
215 2934 265 2980 qeae
280 2935 328 2968 aon
348 2920 467 2979 auferetur
478 2921 520 2967 illl.
532 2921 568 2966 lta
578 2919 683 2966 verbum
708 2918 747 2964 bis
759 2919 855 2965 utribus
866 2919 968 2976 dieitur,
977 2917 1036 2975 quia
1047 2918 1134 2965 vinum
1145 2930 1238 2966 novum

152 3000 297 3046 cognoscere
313 2988 392 3046 rnajus
407 3000 468 3046 opus
480 2999 533 3034 esse
552 2999 626 3046 qnam
638 2989 684 3033 mi·
709 2987 735 3032 in
752 2986 820 3032 utres
840 2998 916 3032 novos
940 2984 1059 3043 mittunt,
1081 2986 1124 3043 qui
1150 2986 1237 3034 velunt

152 3057 272 3115 nistrare,
286 3057 377 3104 metue
390 3056 536 3104 auctoritate
555 3056 684 3104 sententiae
709 3055 841 3113 utrumque
859 3065 971 3109 servare,
990 3053 1016 3098 et
1031 3064 1131 3109 corpus,
1146 3054 1172 3098 et
1182 3065 1238 3110 gra-

154 3125 280 3174 delinitnr.
711 3123 779 3168 tiam.
790 3122 842 3168 lion
855 3120 942 3167 eiduat
952 3120 1027 3180 igitur
1041 3120 1099 3167 tuus
1115 3119 1156 3166 hic
1168 3121 1239 3180 uter,

185 3193 224 3240 ld.
235 3192 284 3240 Sed
299 3192 399 3242 fortasse
411 3192 478 3241 dicat
490 3191 580 3253 aliquis
590 3191 684 3239 dietum
709 3190 867 3237 nonrimosns
877 3190 924 3247 sit,
935 3201 985 3236 non
995 3190 1093 3235 terreno
1104 3188 1241 3238 inveteras·
1284 3232 1286 3236 Α

153 3274 207 3310 esse
219 3261 249 3308 ab
260 3262 372 3321 apostolo
384 3275 391 3308 r
404 3264 465 3323 Quin
475 3275 523 3308 noa
538 3263 563 3308 tn
580 3274 685 3309 sermone
711 3261 749 3308 eat
760 3259 822 3318 situ;
833 3271 866 3306 ne
877 3259 961 3307 vinum
969 3258 1239 3306 novumveteresutres

154 3344 251 3391 repaum
262 3333 294 3378 est
303 3333 348 3378 Dei
355 3363 364 3388 ,
376 3333 414 3379 sed
425 3335 449 3378 tn
460 3333 552 3378 virtute.
561 3329 684 3388 Scriptum
711 3327 820 3387 rumpat,
834 3339 882 3388 que
898 3327 1040 3375 scindantur
1052 3327 1134 3384 utres,
1151 3325 1239 3373 funda-

154 3412 203 3448 non
213 3411 275 3458 nege
283 3431 290 3456 ,
299 3399 342 3446 sed
356 3399 382 3446 iu
392 3412 440 3458 quo
452 3411 573 3457 sermone,
585 3411 686 3457 eognos-
710 3397 750 3443 tur
765 3395 850 3453 gratia.
861 3395 913 3442 Non
924 3394 1015 3441 iterem
1031 3394 1081 3440 sole
1100 3393 1240 3453 iniquitatis

155 3479 381 3526 ce3uetnpequem
393 3467 492 3514 inflatus
503 3466 632 3526 effuderit,
642 3467 684 3524 qul
710 3465 737 3512 et
756 3464 833 3510 nimia
843 3463 869 3510 vi
885 3463 972 3509 caloris
989 3462 1113 3520 arescant,
1131 3461 1176 3509 sed
1189 3461 1241 3509 ier-
1286 3467 1289 3474 ‘

156 3535 313 3583 audientibus
323 3548 403 3582 serino
414 3535 527 3595 prodesse
535 3547 584 3582 non
594 3534 684 3594 possit,
710 3532 821 3578 rentium
835 3531 959 3578 viscerum
974 3530 1123 3589 cupiditates
1135 3530 1240 3578 diversae

155 3605 199 3664 qui
217 3603 271 3650 sine
288 3603 426 3650 ostensione
446 3603 479 3651 sit
494 3603 597 3663 spiritns
612 3603 685 3662 atque
711 3600 787 3647 nivali
795 3600 899 3660 quodam
911 3598 999 3657 frigore
1006 3599 1242 3659 temperentur.Fri·

156 3672 269 3732 virtutis,
288 3671 354 3718 hune
373 3682 510 3718 sermenem
529 3671 625 3730 Paulus*
637 3681 685 3716 non
711 3668 791 3727 geseat
802 3668 874 3714 aestus
885 3665 1011 3727 libidinis,
1022 3667 1048 3714 et
1062 3667 1167 3726 quodam
1182 3677 1241 3712 eon-

157 3739 272 3800 dignatur
287 3750 446 3799 cognescere3
462 3738 517 3786 vult
530 3738 597 3784 enim
610 3736 687 3796 inagis
712 3734 1120 3795 tinenttaegetu‚1e1untorumque
1136 3735 1242 3781 restinc-

157 3809 275 3856 virtutem
286 3807 404 3856 sermonis
418 3818 557 3866 agnoscere.
574 3805 687 3864 Denique
712 3801 1241 3863 tus‚matutinaorationeperdetur3quando

157 3875 256 3923 nolebat
267 3875 341 3922 talem
351 3886 423 3921 suum
433 3885 486 3921 esse
498 3871 625 3933 apostolus
636 3883 689 3919 ser·
713 3873 777 3920 sicut
787 3885 839 3930 ros,
850 3872 884 3919 ita
892 3884 966 3932 super
976 3872 1067 3919 terram
1078 3871 1184 3916 nestram
1194 3868 1241 3914 Dei
1260 3910 1268 3921 ,

157 3942 507 4003 monem,anm1utrmrtate
518 3941 648 3999 veniebat
661 3940 690 3988 ut
715 3940 789 3988 verba
807 3939 971 3997 descendunt,
987 3937 1052 3985 sieut
1067 3936 1146 3982 imber
1168 3947 1242 3993 snper
1332 3987 1335 3993 ,

159 4012 220 4061 alios
240 4011 333 4058 taceret
353 4011 490 4059 tortiores:
511 4010 538 4058 in
558 4010 648 4058 timore
663 4009 691 4056 et
714 4019 827 4069 gramen,
846 4006 873 4054 et
897 4006 961 4054 sicut
981 4005 1027 4052 nix
1047 4015 1120 4062 super
1138 4001 1240 4052 ioeuum.

92 4108 100 4116 ·
159 4079 282 4139 tremore,
294 4079 323 4128 ut
335 4078 452 4128 timentes
462 4079 525 4128 nibll
537 4077 690 4140 metuerent,
715 4078 796 4126 Nescit
811 4077 892 4126 utrum
908 4076 999 4123 benum
1015 4073 1061 4122 ista
1080 4071 1123 4120 nix
1135 4071 1241 4131 laedere,
