2760 4794
225 409 255 455 ad
613 411 733 455 salient
751 412 912 457 innnostl

226 487 298 540 sedit.
313 491 397 550 ltaque
414 491 481 538 enim
495 489 586 537 babere
601 502 628 537 se
644 491 750 539 eredidit
772 492 813 538 bic
825 492 903 552 ipsam
918 490 1037 539 malitiam
1048 491 1132 540 meoli
1151 491 1231 550 buius
1243 493 1308 543 abo-

226 560 291 621 quod
301 559 426 619 poposoii3
438 560 463 607 et
473 559 557 618 postea
569 570 668 606 sverans
678 570 693 606 a
703 560 749 606 Dei
773 558 842 606 levit
853 559 918 606 Elias
926 570 998 606 curru
1008 559 1081 618 atquc
1092 558 1164 618 equis
1174 559 1311 609 adscendit

226 629 309 687 cultu,
320 639 369 674 non
379 626 448 686 quasi
459 627 568 686 sapiens,
578 627 622 673 sed
631 627 700 686 quasi
712 628 750 673 in-
773 627 804 673 ad
817 628 905 674 coelum
915 641 922 674 a
932 627 1041 674 Christus
1051 627 1135 674 autem
1144 627 1311 676 descendite

159 750 168 757 ,
226 697 318 757 sipiens
329 697 410 755 lapsus
421 696 507 752 cst,nt
517 694 660 742 otienderet.
671 694 751 741 Oiten-
773 695 848 753 coelo,
858 706 903 741 nce
915 706 990 741 cnrrn
1004 693 1030 741 et
1040 693 1125 753 equis,
1135 695 1166 742 nt
1181 695 1229 742 illc
1249 707 1309 743 oon-

226 767 263 814 dit
271 766 296 812 in
305 765 450 823 tantum,ut
458 764 532 811 etiam
541 763 606 822 quod
613 765 749 823 meruerat,
773 763 881 822 scendit3
892 762 1308 822 quiaillcaliterneqnivissetsbie

226 833 359 881 amitteret.
375 834 422 879 Cur
436 832 512 892 igitur
528 832 594 878 buno
609 831 655 878 Dei
671 830 750 877 tilium
773 833 855 879 antem
868 832 968 891 propria
983 831 1076 878 virtute
1096 831 1232 879 remeavit.
1257 832 1308 880 lili·

226 901 379 950 credidistis?
388 904 425 948 dn
434 902 492 960 qnia
502 900 623 960 templum
633 900 684 946 Deo
694 911 751 946 con·
773 911 834 945 smus
849 898 876 944 in
885 898 989 945 iordane
999 897 1123 956 leprosum
1137 897 1225 944 lavam
1241 909 1310 957 prm·

226 970 303 1018 diditi
313 970 360 1017 Sed
371 970 428 1017 binc
436 970 567 1017 Dominum
575 969 600 1015 ot
610 969 689 1014 Deum
700 979 750 1014 non
773 966 854 1027 cepit,
867 966 895 1013 ut
908 967 938 1012 ab
949 965 1016 1013 omni
1032 965 1177 1025 contagione
1196 966 1308 1014 munda-

226 1051 280 1085 esse
298 1038 398 1085 eredere
412 1036 614 1096 debuistis‚qnia
630 1036 750 1095 scriptum
774 1035 841 1080 retur
862 1047 869 1081 ε
892 1036 932 1082 liic
954 1035 980 1082 in
1000 1033 1104 1081 Iordane
1124 1034 1208 1080 toturn
1229 1034 1308 1083 diluit

226 1107 281 1154 cst:
293 1108 345 1154 Nisi
361 1108 475 1154 Dominus
490 1106 635 1164 edificaverit
650 1106 695 1152 sibi
709 1106 751 1151 do·
774 1103 900 1149 mundum.
915 1103 1008 1162 Moyses
1018 1101 1071 1161 ipse
1089 1100 1129 1147 cui
1140 1100 1233 1147 crediti
1245 1102 1307 1150 sunt

224 1190 307 1234 mam,
318 1179 343 1224 io
356 1189 445 1224 vanam
455 1175 620 1224 laboraverunt
630 1175 671 1234 qui
680 1174 751 1230 aedifi·
774 1171 857 1230 populi
871 1171 1028 1229 ludaeorum,
1044 1181 1131 1229 aquam
1149 1168 1240 1217 divisit
1255 1182 1264 1216 a
1280 1169 1308 1217 ct

225 1249 280 1294 cant
290 1259 350 1293 com.
360 1247 388 1292 ln
396 1257 485 1291 vanum
496 1242 628 1300 laboravit,
640 1241 682 1302 qui
690 1242 750 1289 aedi·
775 1238 815 1286 ille
827 1240 928 1299 quidem
938 1239 1022 1287 divisit
1033 1238 1171 1295 elementa3
1183 1238 1244 1297 quia
1255 1249 1306 1285 non

225 1314 307 1362 mavit
315 1314 341 1360 id
348 1310 550 1372 templum,quod
556 1311 681 1370 subjectns
687 1310 751 1368 ignis
774 1308 857 1356 divisit
871 1308 1006 1368 potentiam
1020 1306 1163 1353 Trinitatis:
1176 1305 1306 1366 separavit

225 1381 330 1428 exussit.
341 1381 379 1426 An
390 1381 447 1439 quia
456 1379 536 1425 David
543 1379 607 1438 patri
616 1377 693 1438 ipsius
701 1378 751 1424 dic·
774 1378 848 1423 moles
858 1389 990 1436 aquarum3
998 1375 1056 1437 quin
1063 1375 1159 1421 l’atrem
1170 1385 1221 1421 non
1231 1386 1310 1437 sepa-

224 1452 277 1496 tnm
284 1447 548 1506 estaltontaoedilicobis
554 1446 749 1493 miltidomum....
773 1443 836 1490 ravit
846 1457 860 1491 a
871 1445 943 1493 Filio.

225 1519 264 1565 scd
282 1529 334 1563 cum
352 1519 378 1564 ta
395 1516 516 1563 dormieris
525 1545 534 1571 ,
550 1513 658 1560 excitabo
673 1525 750 1560 semen
802 1513 942 1562 invidetis
950 1511 1249 1574 quantiviri,etqnalium
1260 1510 1308 1560 do-

174 1646 177 1651 ·
226 1589 292 1633 tunm
308 1587 359 1646 post
370 1587 404 1644 te,
422 1586 501 1643 etipse
519 1582 641 1640 aedificabit
657 1583 749 1629 domum
773 1585 886 1632 cumenta
893 1597 995 1645 operum
1006 1582 1200 1642 dereliquerunt.
1208 1583 1305 1640 Quem-

224 1652 519 1702 aominimeo.verumibi
527 1663 622 1711 qnoque
630 1651 750 1710 templum
772 1653 902 1701 admodum
919 1654 993 1713 igitur
1003 1666 1064 1714 quos
1075 1664 1145 1712 pares
1155 1650 1237 1698 David
1246 1651 1307 1711 rect

224 1735 275 1770 non
290 1722 428 1781 corporale,
439 1733 489 1769 non
503 1720 630 1768 materiale
645 1720 749 1779 promit-
773 1725 812 1770 vei
820 1723 940 1770 Salomoni
949 1722 1040 1770 virtuto
1049 1718 1208 1780 cognoscitis,
1217 1718 1304 1766 condi·

224 1792 300 1851 titur,
313 1804 393 1852 neque
407 1791 474 1838 enim
484 1791 550 1837 Dens
564 1790 590 1836 in
605 1787 750 1836 manniactIs
774 1790 838 1837 tione
848 1791 954 1849 impares
963 1789 1094 1847 judicatis,
1105 1787 1133 1833 ut
1142 1787 1303 1834 Salomonem

224 1861 335 1919 habitat,
346 1860 390 1908 sed
400 1861 520 1920 templum
531 1859 568 1905 cst
578 1860 660 1905 sancta
668 1859 750 1904 Eccle—
772 1860 935 1908 Davidiilinm
946 1859 1038 1919 putetis
1046 1859 1078 1906 ad
1086 1857 1134 1904 Dei
1142 1855 1230 1904 sedere
1238 1855 1303 1904 dex·

224 1931 275 1988 sia,
286 1943 341 1990 quae
355 1929 442 1989 utiquc
453 1941 503 1975 non
517 1928 635 1987 bumana,
646 1926 689 1974 sed
699 1938 749 1974 coe-
773 1928 865 1976 teram?
875 1928 1013 1976 Praesertim
1024 1940 1079 1974 cnm
1092 1927 1144 1986 ipsc
1154 1924 1236 1971 David
1246 1925 1303 1973 evi-

224 1998 280 2045 lesti
292 1998 382 2045 virtute
398 1997 522 2044 tundatur.
772 1997 858 2045 denter
866 1997 896 2044 de
904 2009 952 2056 qno
959 1996 1052 2043 dictum
1058 1995 1130 2052 esset,
1137 1993 1302 2053 expresserim

255 2064 294 2113 ΞΛ.
309 2067 369 2112 Nam
385 2066 405 2113 si
423 2062 598 2125 praestantioris
613 2062 690 2120 licet,
706 2062 749 2110 sed
771 2065 929 2123 nequeenim
944 2065 975 2112 de
986 2064 1037 2111 mio
1050 2075 1094 2110 suo
1105 2060 1200 2109 diceret
1210 2073 1219 2106 a
1230 2062 1302 2110 nisit

225 2132 748 2191 bumanaetamenvirtutisoperamiremnr,
771 2135 885 2180 Dominus
893 2135 993 2180 Domino
1001 2129 1302 2179 meorscdeoddeoeterom

224 2205 314 2253 multos
331 2203 501 2262 hujuscemodi
520 2201 671 2262 reperimus,
689 2213 749 2259 quos
771 2215 856 2248 meam.
864 2202 987 2260 Quomodo
999 2201 1064 2248 enim
1075 2199 1154 2246 tilium
1164 2210 1238 2244 snum
1248 2199 1305 2246 Do-

224 2286 281 2322 onm
289 2274 366 2321 David
376 2275 401 2322 et
408 2274 536 2320 Salomone
544 2282 683 2330 comparare
692 2282 747 2330 pos·
771 2271 864 2317 minum
880 2270 1033 2317 nominaret?
1047 2271 1100 2316 Lex
1115 2267 1246 2328 probibet,
1257 2279 1300 2315 re-

223 2354 315 2389 sumns.
325 2343 355 2388 Et·
362 2342 417 2388 ideo
425 2341 468 2388 ubi
479 2340 561 2399 operis
568 2338 694 2396 aequalitas
702 2338 747 2396 est,
771 2340 861 2396 pugnat
877 2339 980 2398 religio,
996 2338 1111 2385 abhorret
1126 2336 1203 2394 tides,
1219 2335 1249 2383 nt
1266 2335 1300 2383 ad

223 2421 273 2455 non
284 2411 321 2456 est
332 2409 479 2455 excellentia
487 2406 623 2465 potestatis.
633 2406 682 2451 Neo
692 2406 748 2464 plu·
770 2406 896 2453 dexteram
914 2407 962 2453 Dei
974 2406 1148 2467 omnipotentis
1165 2404 1298 2452 mortalem

223 2487 264 2522 res
283 2487 410 2534 possumus
430 2475 513 2520 dicere
533 2471 579 2518 Dei
599 2471 677 2529 iiiios,
693 2484 747 2518 cum
771 2471 1299 2531 nominemloces.lnusestirrequisedetad

223 2554 300 2588 unum
309 2543 355 2588 Dei
365 2542 443 2589 tilium
452 2541 596 2601 legerimus3
608 2540 706 2586 sednon
716 2553 747 2587 ex
770 2542 911 2604 dexteram,
922 2544 965 2603 qni
973 2557 1060 2602 corpus
1070 2541 1185 2601 suscepit,
1193 2553 1244 2588 non
1253 2542 1298 2601 qni

224 2609 350 2657 beneficiis
360 2611 411 2657 suis
425 2624 479 2670 qnae
490 2611 516 2656 in
525 2609 640 2668 parentes
654 2607 747 2656 nostros
770 2612 844 2671 coepit
853 2625 867 2657 a
876 2612 1038 2672 corporesqni
1047 2612 1103 2658 ante
1111 2609 1243 2656 luciterum
1254 2622 1296 2668 ge·

223 2680 340 2738 contulit,
352 2678 462 2725 iacienda
479 2678 516 2725 est
527 2677 618 2734 injuria
628 2677 673 2724 Dei
686 2676 744 2724 mio.
769 2680 835 2727 nitus
843 2682 889 2740 est,
896 2681 921 2727 id
931 2681 981 2740 est,
991 2682 1047 2727 ante
1056 2678 1297 2726 omniumlnminnm

223 2747 293 2793 llulti
304 2747 540 2807 enimpraeclariviri
550 2759 556 2790 :
567 2746 610 2792 sed
617 2758 662 2805 per
669 2758 745 2793 unum
769 2751 914 2809 claritatem
923 2750 1037 2810 quoniam
1046 2750 1098 2808 ipse
1110 2746 1202 2795 creavit
1211 2747 1296 2795 vario·

222 2815 306 2862 lesum
319 2817 385 2863 Nave
403 2816 485 2872 stetit,
501 2814 595 2872 inquit,
611 2815 646 2860 sol
663 2817 746 2861 contra
769 2831 823 2864 rum
831 2819 950 2864 luminum
959 2817 1105 2877 dignitates:
1115 2826 1172 2862 nam
1179 2813 1296 2862 Salomon

223 2884 329 2931 Gabaon.
340 2885 435 2931 Videtis
446 2896 502 2930 enm
512 2884 577 2929 ultra
588 2882 667 2929 David
682 2885 745 2940 regis
769 2886 852 2946 utique
863 2887 918 2945 post
929 2885 1059 2933 luciterum
1069 2885 1114 2931 est.
1127 2884 1239 2930 Salomon
1256 2896 1297 2931 sa-

222 2954 367 3012 processisse
375 2953 500 3010 virtutem;
509 2950 613 2997 terrenis
624 2951 690 2997 enim
699 2951 746 2998 Da«
769 2953 853 3000 cordos
860 2966 908 3001 non
916 2953 972 3014 iuit3
982 2954 1007 3001 et
1015 2954 1069 3000 ideo
1078 2954 1126 3000 dici
1136 2953 1158 3000 ei
1168 2952 1297 3002 abomino
1343 2972 1347 2979 ’

221 3022 277 3082 vid,
290 3035 339 3070 non
356 3023 477 3069 sideribus
492 3018 634 3078 imperavit.
650 3018 745 3067 Videtis
768 3021 933 3080 omnipotente
942 3034 991 3068 non
1001 3023 1081 3081 potuit
1092 3035 1098 3068 :
1110 3023 1150 3068 Ea
1160 3023 1225 3068 utero
1237 3025 1295 3071 aab

222 3092 297 3139 etiam
312 3094 389 3140 solem
403 3090 542 3138 ministrum
560 3100 627 3147 esse,
637 3099 687 3135 non
702 3088 744 3136 do·
768 3091 888 3150 luciferum
902 3093 970 3151 penui
984 3093 1004 3139 tc
1013 3105 1021 3136 ε
1030 3090 1080 3137 dici
1091 3091 1115 3136 ei
1125 3102 1175 3136 non
1191 3088 1294 3148 potuit:

221 3161 330 3218 minum,
351 3161 394 3220 qui
411 3161 486 3207 etiam
501 3159 556 3206 voci
570 3158 685 3205 servierit
699 3158 745 3204 bn-
770 3162 988 3208 messuerimus
999 3159 1243 3207 oetemamsecundum
1254 3172 1295 3207 or-

220 3240 307 3275 manae.
317 3229 389 3275 Stetit
396 3227 557 3285 tamen‚quia
565 3225 592 3270 in
600 3226 658 3271 lesu
672 3227 696 3273 et
704 3225 744 3284 ty·
767 3229 843 3273 dinem
860 3227 1019 3274 Melchisedech
1024 3242 1033 3286 ,·
1050 3227 1158 3273 maxime
1175 3237 1233 3272 cum
1248 3227 1295 3276 illo

220 3308 280 3358 pum
306 3295 383 3343 iuturi
407 3294 572 3353 agnoscebat,
593 3292 620 3339 et
643 3304 742 3340 nomen.
767 3294 876 3353 tempore
893 3307 941 3354 quo
958 3295 1069 3342 Salomon
1085 3295 1145 3353 init,
1156 3293 1296 3343 seeundum

220 3365 304 3423 Neque
316 3363 382 3410 enim
392 3362 419 3408 iu
429 3373 472 3409 sna
483 3360 575 3408 virtute
583 3360 655 3407 lesus
664 3361 743 3419 Nave,
767 3363 879 3410 ordinem
887 3366 974 3423 Aaron,
981 3377 1030 3410 non
1036 3364 1170 3411 secundum
1180 3363 1296 3412 ordinem

159 3472 161 3477 ,
221 3433 265 3480 sed
279 3431 367 3478 Cbristi
385 3429 501 3490 mysterio
516 3427 654 3476 coelestibns
668 3429 745 3476 lumi·
766 3431 1064 3491 Melchisedecb,iuerint
1080 3430 1225 3479 sacerdotes.
1241 3432 1296 3481 Ad-

220 3499 294 3546 nibns
314 3499 450 3558 imperabat
461 3511 469 3556 3
487 3495 658 3555 designabatur
676 3498 742 3544 enim
767 3500 814 3548 buc
826 3502 893 3548 enim
906 3502 1044 3548 sacerdotes
1054 3501 1197 3559 sanguinem
1207 3499 1295 3548 birco-

220 3567 268 3613 Dci
278 3567 356 3613 filium
367 3566 394 3613 in
404 3567 450 3612 boc
461 3566 577 3612 saeoulum
591 3576 643 3612 esse
653 3568 743 3613 ventu·
765 3581 821 3616 rum
829 3571 901 3630 atque
910 3569 1034 3616 taurorum
1042 3581 1086 3629 pro
1094 3567 1201 3628 peccatis
1209 3567 1295 3626 plebis

220 3646 290 3693 rum,
305 3636 347 3694 qni
363 3634 480 3682 mundani
492 3633 594 3693 luminis
609 3634 742 3683 occidentis
766 3638 792 3684 ct
810 3638 933 3685 erroribus
952 3637 1085 3684 offerebant
1103 3649 1109 3680 :
1127 3635 1212 3695 postea
1231 3647 1293 3685 vero

221 3702 247 3749 et
263 3702 314 3760 jam
328 3703 451 3761 vergentis
466 3703 492 3749 in
507 3703 633 3760 tenebras,
649 3702 741 3751 virtute
765 3717 838 3764 quam
855 3705 964 3752 Christus
983 3704 1098 3762 advenit,
1116 3703 1159 3763 qni
1173 3703 1294 3764 semetip-

219 3771 303 3819 divina
313 3771 421 3819 differret
430 3783 555 3832 occasum,
566 3772 645 3818 lucem
656 3771 742 3820 redde·
764 3787 819 3820 sum
828 3786 871 3833 pro
882 3774 960 3821 salute
973 3772 1062 3818 obtulit
1071 3771 1158 3818 mundi
1170 3767 1213 3832 (nt
1229 3783 1297 3830 quos

220 3840 272 3901 ret,
289 3840 418 3888 inveheret
427 3841 572 3888 claritatem.
588 3838 669 3886 Enoch
679 3853 740 3898 qno-
764 3842 888 3888 taurorum
902 3841 999 3899 sanguis
1016 3841 1097 3886 lavare
1112 3852 1161 3887 non
1176 3839 1291 3900 poterat,

219 3922 267 3968 que
284 3909 367 3969 raptus
386 3909 468 3956 estad
484 3911 573 3956 coelum
584 3921 591 3954 ε
602 3908 645 3955 sed
658 3910 741 3956 tamen
764 3909 954 3967 Christisanguis
962 3906 1082 3968 ablueret)
1090 3907 1233 3966 semetipsos
1241 3919 1292 3954 coe·

219 3977 262 4025 ille
277 3979 361 4038 raptus
374 3977 430 4036 est,
447 3977 488 4025 bic
504 3989 634 4036 regressus.
649 3976 741 4035 liaptus
764 3978 854 4038 pemmt
863 3977 951 4023 offerre
961 3987 1005 4035 pro
1015 3976 1102 4023 hostiis
1112 3975 1257 4023 sacerdotes.

219 4045 256 4093 est
266 4044 327 4106 ille,
343 4057 374 4094 ne
386 4045 480 4093 malitia
495 4045 601 4093 mutaret
616 4045 738 4104 corejus:
794 4043 833 4091 26.
854 4045 939 4103 ltaque
958 4055 1006 4090 una
1024 4043 1158 4103 quastione
1176 4043 1294 4092 dominns
