2760 4794
408 452 442 496 m
458 451 945 502 rsnnuuucxvrrraxrosrrro
1181 446 1230 504 aab

149 525 290 580 devotionis
298 529 414 595 gratiam
424 535 484 595 quia
491 535 626 596 prudentes
637 548 677 583 ac·
702 536 831 585 dolabrum
846 529 973 598 tuum3‘ut
987 535 1034 585 lux
1049 528 1092 586 tua
1105 551 1155 587 non
1171 552 1229 600 ope-¹

149 601 270 658 ceperunt
281 602 362 648 oleum
372 603 398 649 in
409 604 474 651 vasis
484 605 535 651 auis
550 615 606 651 eum
617 603 679 650 lam·
701 605 779 652 natur
786 606 954 666 integumento
963 606 1230 666 corporistui,etmen·

147 666 322 728 padibussuis.
338 669 469 730 Ungite,e
480 670 605 728 homines,
617 670 679 716 lam-
701 684 757 719 sura
775 675 880 722 terrenae
899 675 973 733 buius
996 674 1137 735 tragilitatis
1156 687 1163 720 r
1185 673 1230 722 sed

148 734 227 794 pades
243 739 337 784 vest-ras
353 751 360 784 a
379 751 434 785 curn
448 738 580 797 ieiunatis,
592 738 677 797 ungite
702 753 774 800 supra
784 755 923 790 mensuram
937 756 1060 803 corporeae
1078 743 1229 791 infirmitatis

147 804 224 862 caput
238 807 356 854 vestrum.
375 807 532 854 intendamus
553 808 678 854 mentibus
701 810 789 857 animae
800 814 848 858 tuae
863 812 955 860 virtute
970 810 1123 871 praefulgeas.
1146 811 1194 858 Aut
1206 808 1230 858 st
1260 836 1263 840 Δ

149 871 239 920 uostris
250 874 331 921 eleum
339 887 346 934 ;
355 875 384 921 ut
397 875 603 935 cerpusnostrum
615 875 678 923 luci·
701 878 732 924 ad
750 890 891 926 mansuram
908 881 1015 940 teneris,
1027 881 1084 928 vide
1094 893 1127 927 ne
1142 891 1229 940 super·

148 936 209 986 dum
226 941 266 988 sit.
286 944 377 990 Luccat
392 944 439 989 tibi
459 956 558 1003 semper
575 945 676 992 lucerna
701 946 810 996 etticiant
824 949 884 1009 ipsae
901 962 1041 1009 mensurae,
1062 961 1094 997 ne
1116 947 1228 1009 superet-

149 1005 310 1059 VerbumDei
320 1026 328 1058 t
339 1014 677 1073 luceatetlueemacorpdris
700 1015 777 1065 fluant
793 1030 800 1063 .·
814 1017 858 1065 sed
873 1018 944 1066 bonis
960 1017 1096 1065 seminibus
1106 1017 1156 1064 sint
1171 1029 1229 1064 eon·

147 1075 187 1123 tui
197 1081 283 1126 oculus
293 1081 518 1130 tuusconaeientia
528 1082 572 1128 tua
582 1083 676 1141 lucens,
700 1085 783 1133 tentae.
795 1086 847 1133 Non
858 1087 890 1134 sit
900 1088 991 1134 otiosus
1002 1098 1081 1134 semna
1096 1085 1167 1144 tuus,
1177 1097 1228 1133 non

148 1141 213 1192 bene
225 1147 250 1193 in
265 1149 312 1196 boc
328 1161 428 1208 corpore
442 1150 550 1196 lucerne
561 1151 605 1197 lux
624 1152 675 1211 θείς
699 1152 803 1201 ferietur
813 1153 838 1202 et
849 1156 921 1203 vacet
930 1154 1034 1201 verbum
1044 1153 1115 1199 'tuum
1124 1186 1132 1212 ,
1142 1166 1174 1200 ne
1184 1153 1228 1200 tiat

147 1215 208 1275 quia
228 1216 281 1276 ipsa
302 1218 439 1265 estoeulus
456 1219 521 1265 tuus.
543 1219 580 1266 Sit
600 1231 676 1278 purus
700 1222 800 1268 lucerna
822 1223 867 1270 sub
888 1222 978 1270 modio.
995 1222 1089 1269 Potens
1106 1222 1143 1268 est
1160 1222 1227 1268 Deus

146 1285 235 1331 oculus
243 1287 309 1332 tuus.
328 1285 354 1332 Si
365 1287 513 1334 conscientia
530 1288 573 1334 tua
584 1289 676 1334 munda
699 1290 742 1348 qui
758 1303 832 1349 super
846 1291 1024 1338 candelabrum·
1042 1288 1175 1337 constituat
1188 1289 1229 1335 lu-

148 1351 190 1411 sit,
199 1353 289 1400 munda
301 1356 337 1401 est
347 1366 402 1401 earo
413 1356 455 1401 tua
465 1367 472 1400 c
482 1354 503 1401 oi
511 1355 594 1402 autem
605 1356 676 1403 tene·
700 1369 797 1404 cernam
805 1359 889 1418 tuam3
900 1360 927 1406 ut
939 1358 1020 1406 luceat
1029 1357 1143 1405 omnibus
1152 1355 1229 1416 quiin
1256 1366 1257 1370 ’

149 1418 221 1467 brusa
233 1422 270 1468 ast
280 1421 427 1469 conscientia
436 1423 492 1482 tua,
503 1423 579 1470 etiam
588 1434 676 1483 corpus
699 1424 769 1472 demo
780 1427 838 1473 sunt
844 1460 852 1484 ,
864 1426 945 1486 utqui
957 1424 1128 1486 ingrediuntur
1141 1424 1228 1472 lumen
1252 1454 1257 1464 ι

148 1488 219 1534 tuum
225 1490 379 1539 eonscientiae
386 1490 511 1539 tuaenecte
517 1492 675 1539 tenebrosum
698 1493 808 1541 videant.
820 1495 998 1542 candelabrum
1013 1493 1151 1554 principale
1169 1505 1227 1540 nos·

148 1557 196 1602 est.
217 1559 332 1606 Lucernae
350 1571 406 1618 ergo
425 1561 450 1606 et
464 1572 509 1607 nos
525 1572 609 1607 sumus
624 1559 675 1607 teto
698 1561 763 1608 trum
775 1564 820 1611 est.
832 1564 897 1610 Pone
910 1574 1047 1610 sermonem
1058 1562 1084 1609 in
1095 1560 1226 1620 principali

148 1625 228 1684 operti
246 1639 363 1686 corpore,
381 1628 425 1675 vix
441 1627 534 1687 aliquid
555 1628 673 1688 exiguum
697 1628 1043 1688 tuo,etemnibusluceatqui
1054 1628 1227 1688 ingrediuntur

147 1689 267 1741 babentes
277 1695 342 1743 unde
354 1696 437 1742 lucere
452 1695 582 1754 possimus.
698 1698 724 1745 iu
734 1698 875 1746 Ecclesiam.
890 1699 978 1758 Accipe
991 1699 1017 1746 et
1032 1698 1100 1745 aliud
1111 1693 1226 1745 candela-

177 1761 322 1822 abeamus
334 1765 359 1810 et
368 1763 492 1811 lebannes
501 1764 600 1811 lucerna
610 1762 672 1823 erat,
697 1765 777 1813 bruna.
789 1767 918 1814 Considera
929 1781 955 1815 os
965 1770 1050 1826 tuum,
1062 1765 1190 1814 considera
1200 1767 1227 1814 et

147 1830 216 1879 sieut·
226 1832 291 1880 dixit
309 1833 427 1880 Dominus
445 1833 475 1880 de
491 1845 520 1881 eo
537 1846 544 1878 :
561 1835 604 1881 lite
622 1837 673 1881 eret
697 1835 923 1882 sermenemtuum.
938 1835 1023 1882 Nonne
1039 1847 1065 1882 os
1080 1833 1151 1880 tunm
1166 1845 1226 1880 ean·

146 1899 243 1948 tecente
256 1904 339 1950 ardena
346 1934 354 1959 ,
366 1904 388 1949 ct
401 1903 543 1949 illuminaria.
555 1903 621 1948 Bona
634 1903 675 1949 lu·
697 1901 824 1948 dolabrum
835 1904 886 1961 est,
900 1903 925 1949 et
931 1903 1036 1951 verbum
1044 1904 1114 1950 tuum
1124 1903 1226 1949 lucerna

147 1980 294 2029 cerna,quae
305 1971 388 2017 lumen
400 1969 672 2030 accipiebatachrist03
698 1968 751 2028 est,
766 1982 822 2016 euru
838 1971 869 2017 de
886 1982 927 2018 ere
944 1971 987 2018 tue
1005 1967 1145 2030 protertur?
1165 1969 1225 2016 llaec

147 2037 177 2085 ut
186 2038 267 2086 lucere
277 2041 357 2098 posset
371 2039 397 2085 in
410 2040 456 2086 boe
467 2039 555 2086 saeeuio
566 2051 573 2084 a
585 2039 674 2087 merito
697 2036 797 2084 lucerna
803 2049 900 2096 semper
905 2037 952 2084 tibi
962 2038 1053 2095 luceat,
1062 2035 1107 2084 hoc
1117 2037 1163 2095 est,
1169 2049 1225 2083 ver·

146 2106 249 2166 ardens,
270 2107 358 2154 merito
375 2108 530 2167 illuminans3
547 2107 605 2166 quia
622 2107 674 2154 erat
697 2105 756 2151 bum
766 2105 981 2164 tuumluceat,et
996 2114 1130 2166 numquam
1141 2104 1224 2152 extin-

146 2173 248 2222 nundus
265 2175 371 2236 Christi,
389 2176 534 2224 illuminans
555 2175 674 2235 praedica-
697 2175 793 2234 guatur.
1120 2227 1122 2230 ,

146 2243 214 2290 dona
229 2241 287 2292 fidet
302 2245 400 2304 pectora
414 2245 573 2304 singulorum.
585 2243 633 2290 Sed
648 2245 674 2292 et
728 2243 766 2290 le.
778 2243 873 2301 Quaeris
885 2243 914 2292 ut
931 2243 1030 2292 doceam
1041 2243 1161 2303 quomodo
1172 2255 1223 2292 uon

145 2308 201 2358 istis
212 2311 320 2361 lucernis
332 2313 414 2373 dedit,
424 2313 453 2360 ut
468 2314 512 2360 lux
530 2312 617 2360 mundi
634 2325 673 2360 es-
697 2312 771 2372 possit
788 2312 914 2373 extinguit
927 2314 1050 2373 Scriptum
1062 2313 1099 2361 est
1109 2327 1116 2358 ε
1128 2315 1224 2363 Lumen

146 2380 210 2439 sent,
221 2379 305 2429 dicens
315 2382 345 2428 ad
355 2381 492 2442 apostolos:
506 2383 618 2429 Vescelia
629 2383 672 2428 lure
695 2381 754 2439 justi
764 2395 861 2442 semper
874 2383 1065 2443 inextinguibile
1076 2386 1114 2431 est
1126 2397 1132 2429 :
1144 2385 1224 2431 tamea

145 2451 234 2498 mundi.
247 2451 307 2510 Ergo
323 2451 436 2518 singlaria
453 2450 590 2497 sanctorum
605 2461 672 2497 nune
696 2452 1128 2513 autemimpioremeutinpuctur.ileu
1138 2453 1224 2500 lumen

146 2520 211 2567 sieut
228 2520 342 2577 lucerna,
356 2532 423 2566 nunc
443 2518 506 2566 sicut
523 2519 568 2565 iux
585 2518 672 2565 mundi
697 2523 748 2568 erat
761 2521 882 2580 lucernae,
893 2534 947 2581 quae
958 2521 1059 2569 lucebat
1073 2522 1101 2568 in
1110 2520 1224 2568 taberna·

145 2587 254 2648 fulgebat
261 2589 287 2635 in
298 2591 344 2636 lroc
351 2589 450 2647 saecule,
459 2589 518 2648 quid
528 2588 631 2635 dicimus
641 2588 671 2636 de
696 2590 750 2636 culo
768 2590 927 2650 Testimonii,
942 2592 969 2638 et
978 2589 1106 2650 ,hodieque
1117 2589 1185 2640 lueet
1196 2589 1223 2638 in

145 2657 226 2707 Verbo
236 2657 291 2718 Dei,
302 2657 367 2719 quod
377 2658 403 2705 et
412 2658 513 2705 lucerna
522 2657 560 2705 est
566 2657 671 2718 pedibus
695 2658 816 2720 Ecclesia,
832 2660 871 2707 vir
886 2659 993 2719 sapiens.
1009 2658 1056 2721 Hic
1074 2659 1112 2706 est
1138 2659 1223 2720 oculus

145 2725 224 2775 meist
694 2726 876 2788 acclesrae,qul
892 2738 941 2775 non
959 2726 1020 2775 dicit
1034 2727 1162 2786 munibus,
1176 2728 1222 2775 boc
1253 2728 1258 2739 ’

177 2796 201 2844 9.
213 2795 241 2843 Et
251 2795 352 2844 tortasse
361 2795 405 2844 ubi
415 2807 464 2843 non
478 2796 534 2843 sunt
547 2795 670 2853 tenebrae,
695 2797 746 2853 est,
757 2797 929 2856 operantibus,
940 2795 1042 2842 sednon
1052 2795 1131 2843 acutis
1141 2795 1172 2841 ad
1183 2795 1223 2842 ln-⁴

145 2877 195 2913 non
205 2865 242 2913 cst
252 2865 352 2912 lucerna
364 2865 472 2911 Verbum
479 2865 524 2911 Dei
532 2895 539 2922 ,
548 2865 590 2911 sed
598 2876 670 2924 supra
694 2863 854 2920 telligendum
867 2876 874 2908 :
885 2865 938 2910 Non
953 2863 1013 2911 estis
1030 2863 1092 2909 mibi
1109 2875 1223 2929 necessa-

144 2932 285 2991 luecrnam3
301 2933 358 2991 quia
376 2933 421 2979 lux
438 2933 483 2979 est.
500 2932 619 2979 Tenebrae
640 2931 671 2977 iis
694 2929 734 2975 rii,
746 2933 807 2990 Ergo
821 2944 896 2990 super
915 2930 1088 2978 candelabrum
1106 2931 1221 2990 lucebat,

144 3005 264 3051 nonsunt
278 3001 420 3064 quivident
437 3001 527 3047 lucem.
547 3002 669 3059 Denique,
694 2998 736 3057 qui
752 2998 868 3044 dicebatz
887 3000 974 3046 Nostro
985 3001 1064 3045 uatem
1079 3001 1222 3046 conversatio

145 3070 263 3128 tuoejuati
273 3069 392 3128 sulcabant
402 3071 460 3114 sicut
470 3069 504 3114 sol
514 3069 539 3114 ira
549 3081 619 3126 reque
629 3081 672 3126 pe-
694 3068 719 3112 iu
736 3068 796 3114 coetis
808 3069 849 3113 eat.
864 3066 925 3112 Nam
937 3067 962 3112 et
982 3065 1062 3112 David
1073 3065 1124 3111 teta
1135 3066 1218 3114 mente

144 3143 188 3188 tria
201 3140 246 3186 sui.
264 3139 293 3183 Et
309 3136 410 3183 tortasse
429 3135 563 3181 secundum
579 3135 671 3194 Legem
692 3134 743 3192 J'am
760 3134 948 3181 conversabatur
965 3135 992 3180 in
1008 3135 1085 3193 eoelo,
1101 3135 1126 3180 et
1141 3134 1221 3184 adhuc

142 3209 245 3254 lucerna
265 3206 303 3251 est
322 3204 431 3251 Verbum
454 3203 514 3262 Ilei,
535 3203 671 3251 seeundum
695 3203 777 3248 tamen
800 3201 905 3248 dicebat.
924 3204 1032 3249 Lucerna
1049 3202 1146 3262 pedibus
1164 3205 1221 3251 meta

142 3274 302 3334 evangelium
315 3275 360 3321 lux
374 3284 460 3332 magna
470 3274 516 3321 est.
527 3273 618 3320 ludaeis
631 3273 671 3319 lu·
694 3271 791 3318 uerbum
803 3273 877 3318 tuum.
887 3269 935 3316 Ant
942 3268 1046 3323 tortasse
1061 3269 1131 3329 qumi
1142 3270 1221 3317 benus

143 3358 217 3393 cerna
228 3346 277 3403 est,
287 3343 311 3392 et
319 3345 418 3390 lucerua
436 3341 481 3389 snb
495 3341 584 3388 modio.
595 3342 671 3390 Lucet
694 3338 809 3398 magister
820 3337 881 3384 anibi
896 3337 984 3397 praeire
1001 3337 1131 3396 cupiebat3
1143 3340 1170 3385 ut
1180 3339 1220 3384 lu-

143 3415 210 3472 ch,
230 3414 274 3462 sed
297 3426 347 3460 non
367 3403 477 3470 videtum
505 3410 563 3470 quia
585 3413 670 3470 operta
693 3419 750 3453 men
762 3406 831 3468 sequi
848 3405 1098 3464 discerem,etillius
1113 3406 1220 3466 pedibus

143 3494 230 3529 eor-um
244 3483 356 3530 doctrina
364 3481 402 3528 est
411 3481 437 3528 et
444 3479 589 3539 cogitatione
598 3480 670 3527 vitio·
693 3475 853 3522 ambularem.
871 3473 983 3522 Ostendit
998 3487 1055 3532 ergo
1075 3474 1137 3521 milri
1155 3476 1219 3524 banc

143 3551 232 3612 rum⁴,
249 3552 276 3599 et
294 3551 403 3599 caecitate
419 3550 527 3610 perfidiae
549 3562 556 3596 ε
578 3550 669 3609 populo
693 3543 817 3590 lueemam
829 3543 899 3602 sequi
915 3541 1009 3588 diserre
1026 3541 1052 3587 in
1068 3541 1138 3590 istius
1148 3543 1220 3602 iguo·
1255 3547 1257 3550 ’

143 3620 225 3666 autem
237 3621 327 3666 'autem
345 3631 377 3664 ex
399 3617 539 3663 nationibus
557 3617 600 3663 lux
622 3618 668 3665 est.
693 3614 794 3670 rantiae,
811 3612 837 3658 in
854 3612 924 3659 iatius
943 3612 1089 3670 operimenti
1109 3615 1219 3675 corporei

142 3687 268 3746 Denique,
281 3686 366 3747 popolo
385 3687 426 3744 qui
439 3684 529 3731 sedebat
540 3686 565 3730 io
578 3687 669 3744 replens
693 3679 801 3726 tenebris
818 3678 967 3738 constitut03
991 3679 1020 3726 ut
1037 3680 1160 3730 Christum
1178 3695 1219 3730 se-

142 3755 233 3804 urnbroe
243 3757 338 3812 risoriis,
354 3755 397 3801 toa
418 3754 471 3799 orta
485 3755 518 3798 eat
536 3753 578 3799 cta.
596 3753 669 3812 Aperi
693 3749 889 3808 quens,nullnm
906 3747 1013 3807 lapidem
1024 3749 1164 3797 offensionis
1179 3749 1218 3796 in-

142 3823 218 3882 igitur
228 3823 347 3870 teneatras
361 3823 434 3881 tuas,
448 3821 477 3868 ut
493 3820 607 3879 splendor
622 3820 669 3868 tibi
694 3817 1026 3869 curram-Errabatl’etrusin
1032 3818 1141 3864 tenebris
1151 3818 1218 3878 igno-

141 3903 235 3950 magnae
243 3890 306 3939 lucis
317 3890 429 3939 introeat.
440 3889 554 3936 Paratum
565 3887 602 3936 tae
612 3901 670 3936 ean-
693 3884 791 3943 rantiae,
806 3883 910 3944 negabat
916 3884 1041 3937 christum
1052 3895 1104 3930 esse
1116 3884 1219 3932 moritu·

693 3951 1216 4012 rum3quiaadbucnunvidebutmeriturum

694 4014 926 4073 etresurreoturun'r
937 4034 990 4068 esse
1007 4031 1052 4079 pro
1063 4018 1142 4067 uobis.
1157 4018 1217 4068 tion-

164 4001 174 4021 ·
181 3998 275 4038 Videtur
284 3999 320 4038 bie
331 3999 380 4036 ilari
388 3999 461 4038 allusio
474 3998 501 4037 ad
510 3997 631 4047 eptnienarn
640 4007 671 4036 aa·

142 4052 256 4093 cerdotum
266 4050 351 4090 Judalci
358 4051 442 4100 populi,
452 4050 491 4099 qui
499 4049 635 4098 cogitationes
647 4059 671 4089 ae
959 4090 964 4100 ,
1039 4089 1045 4099 ,

141 4105 245 4145 uetueris
257 4105 305 4153 nega
319 4106 425 4157 contraria
436 4113 478 4142 non
494 4102 668 4142 condemnabant.
694 4103 779 4140 uersus
789 4091 819 4138 ad
830 4103 886 4139 euru
897 4092 1013 4138 Dominus
1024 4090 1072 4134 arta
1083 4089 1147 4138 Vodc
1155 4092 1217 4138 retro

1069 4157 1103 4199 29.
