2760 4794
12 448 19 471 ι
333 405 366 459 iu
382 412 541 461 usutuooi
555 418 669 464 cxviii
683 419 872 464 u-xrosmm.
1096 407 1141 466 25?

12 472 22 539 ξ’
63 490 166 540 talionis
177 492 251 551 hujus
261 493 592 555 tasbdiositquamsauctus
616 511 664 546 non
682 500 714 547 sit
729 500 855 559 potestatis
872 499 960 548 nostrae
976 498 1141 560 desiderium,

64 560 205 620 aversatur,
217 562 241 609 et
252 561 312 608 dicit
324 565 382 612 che
393 567 421 612 iis
431 567 473 624 pai
485 565 592 614 babitaret
616 567 659 614 sed
679 569 763 627 gratiae
780 570 836 615 Dei.
854 569 913 615 Cum
934 568 1000 615 enim
1020 570 1141 616 Dominus

64 627 90 673 in
105 630 183 676 terrai
195 629 242 687 Qisi
254 631 353 678 dissolvi
367 644 416 679 non
426 633 512 692 timet3
528 637 554 680 et
570 635 591 681 si
615 638 733 685 oblectari
744 651 787 686 nos
798 639 889 687 viderit
898 639 1032 700 cupiditate
1044 640 1140 687 deside·

64 696 186 755 solvatur,
203 700 330 757 praesumit
340 711 367 745 sc
379 713 434 746 curn
446 702 540 750 Christo
551 702 591 748 tu·
615 707 646 752 rit
656 707 803 764 iudiciorum
822 720 934 767 suorum,
949 708 1056 754 sobrium
1068 710 1142 768 auget

64 765 148 812 turum
167 767 229 813 :bic
245 780 303 815 vere
321 769 466 828 peregrinus
481 770 508 817 in
525 771 590 817 terra
615 775 739 822 affectum.
750 776 810 821 Cum
827 777 910 823 autem
929 788 1072 835 peccamus,
1091 789 1141 823 non

12 864 14 868 -
64 836 117 894 est3
128 836 185 895 quoia
206 839 345 884 sanctorum
364 839 401 885 est
416 840 490 898 civis,
505 840 531 887 et
548 839 591 886 do·
615 844 809 903 concupiscimus
824 844 964 892 desiderare
976 844 1070 902 iudicia
1085 846 1139 892 Dei.

12 930 14 939 ι
62 904 180 952 mesticus
189 906 237 953 Dei
246 939 253 964 ,
263 907 288 953 et
298 906 440 953 thesaurum
451 909 499 955 sibi
509 908 590 956 condit
615 912 697 971 Neque
709 913 775 959 enim
785 914 888 972 aegrotus
898 914 937 960 uri
948 913 1088 974 desiderat,
1098 915 1140 962 vol

50 972 589 1036 .iucoelo.lt'ouutiqueiscaieusdefflgypto,
615 978 708 1039 incidi3
725 980 754 1027 ut
775 982 852 1042 possit
870 982 982 1041 recipere
1000 983 1138 1030 sanitatem.

62 1041 92 1088 in
113 1041 176 1098 banc
198 1042 383 1104 intelligibilem
401 1046 528 1105 AEgyptum
550 1058 591 1092 re·
616 1047 872 1109 Refugilqulgravius
881 1051 1140 1109 egrotat3ueuratur‚

13 1118 23 1171 j
62 1120 146 1157 meam
157 1110 295 1171 desiderat,
306 1127 354 1163 nec
370 1114 488 1174 depositas
506 1125 592 1159 senec·
615 1127 646 1162 ne
658 1116 791 1174 incidatur,
800 1128 832 1164 ue
843 1117 971 1175 alligetur,
981 1129 1013 1164 ne
1021 1119 1142 1166 abstineat

21 1200 25 1205 ·
60 1178 124 1226 tutis
140 1184 166 1226 et
182 1180 266 1226 mortis
282 1185 394 1240 pavescit
409 1181 527 1238 confinia,
545 1193 591 1226 nec
615 1183 703 1230 acibo.
715 1185 763 1240 Qui
778 1185 861 1231 autem
872 1186 1002 1231 salutarem
1014 1186 1142 1234 habetvab

12 1256 24 1311 ζ,
60 1244 150 1294 borrba
177 1247 251 1293 struit
274 1252 395 1297 messibus
415 1248 590 1307 recondendis,
616 1250 767 1310 letudinem,
786 1253 882 1300 medico
904 1265 1004 1300 securus
1025 1256 1139 1314 occurrit.

58 1312 112 1373 tam
123 1315 211 1361 alienis
222 1316 333 1364 victurus
344 1318 457 1366 aetatibus
470 1329 476 1362 :
488 1316 591 1364 sedsola
615 1318 684 1364 Unde
697 1321 771 1366 etiam
788 1321 907 1367 Dominus
924 1334 973 1367 non
989 1323 1065 1370 otiose
1081 1325 1116 1371 ait
1132 1336 1142 1370 ε

11 1396 28 1447 'ig
59 1381 133 1430 dives
143 1383 264 1430 virtutum
274 1384 443 1443 foecunditate,
452 1396 481 1431 ea
492 1395 592 1443 congre·
616 1389 732 1434 Desiderio
748 1391 873 1436 desideravi
887 1390 929 1436 boc
939 1391 1031 1437 Pescia
1041 1395 1143 1440 mando*
1200 1434 1202 1439 ⁴

11 1470 19 1519 Ι.·
57 1453 116 1512 gat,
127 1466 182 1510 quae
192 1453 240 1500 sibl
250 1467 296 1500 uec
308 1468 372 1502 mors
382 1456 457 1514 possit
468 1453 574 1499 auterre,
615 1468 669 1501 care
683 1456 812 1515 asiacum
830 1469 878 1502 non
890 1458 969 1504 solum
986 1458 1140 1519 desiderans,

19 1532 22 1539 ·
92 1521 591 1582 52lleritoquedicit:concupivitanimo
615 1523 658 1568 sed
677 1524 752 1569 etiam
771 1525 894 1583 geminato
910 1523 1031 1573 desiderio
1051 1539 1141 1575 cuncus

11 1592 14 1597 '
59 1601 115 1636 meo
126 1589 253 1636 desiderare
263 1590 353 1646 judicio
368 1594 410 1637 luo
420 1593 444 1636 ia
458 1590 523 1635 omui
533 1590 590 1633 tem·
614 1591 710 1648 pisceus
720 1593 888 1639 remissionem
902 1593 1039 1641 retribuere
1055 1608 1142 1653 pecca-

58 1670 126 1718 pore.
136 1657 205 1714 Quod
216 1657 301 1716 utique
311 1670 361 1704 nou
372 1658 432 1705 iacit
443 1656 490 1703 nisi
501 1656 589 1702 libera
614 1659 703 1705 torum.
715 1660 919 1720 Concupiscamus
934 1674 991 1720 ergo
1002 1664 1028 1709 et
1043 1676 1087 1711 nos
1098 1665 1141 1711 de-

61 1725 182 1783 vinculis,
192 1736 239 1771 uec
257 1725 337 1772 solum
352 1725 485 1773 avinculis
495 1723 590 1771 sollici·
613 1727 721 1775 siderare
734 1730 828 1787 judicia
838 1731 895 1776 Dei.
908 1732 973 1777 Bona
991 1733 1139 1780 conscientia

60 1795 156 1842 tudinis
166 1796 302 1854 saecularis,
319 1796 362 1843 sed
374 1797 449 1842 etiam
459 1793 589 1842 avinculis
613 1809 730 1855 quaecum
739 1800 907 1857 examinatur,
917 1801 1141 1858 probatonlitcon-

59 1863 173 1923 caritatis
195 1864 317 1912 humanae.
333 1866 442 1912 Vincula
463 1864 589 1922 complura
613 1866 765 1923 cupiscamus
773 1866 912 1913 desiderare
920 1869 945 1914 in
953 1870 1017 1914 ornei
1027 1872 1140 1930 isanspero,-

61 1931 121 1979 suut
130 1930 156 1979 in
167 1932 213 1979 hoc
223 1933 312 1978 saeculo
325 1945 333 1977 c
346 1933 445 1980 vincula
455 1933 511 1979 suut
524 1930 589 1977 desi·
615 1935 642 1979 ut
656 1933 751 1978 nullum
761 1935 914 1980 momentum
929 1935 999 1981 bonae
1012 1938 1141 1994 praetereat

61 1999 132 2047 deria
152 1999 271 2059 vivendi,
292 2001 391 2048 vincula
408 2001 465 2048 sunt
482 2001 589 2047 oblecta·
614 2012 718 2046 vacuum
729 2002 878 2060 cupiditatis.

61 2071 146 2116 menta
157 2070 325 2128 voluptatum,
335 2070 433 2117 vincula
444 2070 501 2116 sunt
511 2069 589 2115 bono-
643 2067 682 2115 51⁸.
694 2072 822 2130 increpasti
832 2070 941 2129 superbos
955 2085 964 2117 .·
975 2075 1091 2120 maledicti
1101 2077 1143 2134 poi

61 2150 132 2195 rum,
150 2136 249 2185 vincula
265 2137 381 2196 conjugii.
398 2138 513 2196 Denique
529 2136 590 2184 dicit
614 2137 729 2184 declinant
740 2153 755 2184 o
765 2140 882 2185 inundatis
894 2139 1012 2186 lais-Cum
1023 2141 1142 2189 Dominus

15 2260 23 2267 ,
61 2205 590 2266 tibibouusltlagister:Solatoscscboaeorei
614 2206 733 2263 desusper
742 2206 909 2252 obedientiam
921 2210 1140 2265 genushumanum

61 2277 98 2324 Ne
105 2277 221 2337 qaoesiwis
231 2289 339 2323 uxorem.
348 2277 397 2322 Nec
406 2276 488 2322 tamen
495 2275 589 2334 peccat,
615 2273 757 2332 redemerit,
763 2274 883 2330 justitiam
894 2274 1079 2324 reformaverit:
1090 2290 1142 2323 ser-

61 2344 106 2404 qui
117 2357 219 2391 uxorem
228 2344 365 2405 acceperit,
375 2345 418 2392 sed
429 2345 532 2391 innectit
543 2344 589 2390 sibi
615 2354 677 2400 pens
692 2343 776 2388 autem
791 2355 836 2401 per
847 2342 1039 2389 inobedientiam
1054 2356 1142 2402 pecca-

62 2412 161 2460 vincula
172 2413 273 2472 mentis3
285 2414 343 2473 quia
352 2413 471 2460 sollicitus
482 2413 520 2460 est
530 2425 590 2472 quo·
615 2410 668 2455 tum
688 2410 870 2468 introduxerit,
892 2409 952 2469 quid
972 2411 1027 2457 vitii
1051 2412 1142 2458 habeat

60 2481 134 2528 modo
147 2481 243 2541 placeat
261 2481 343 2528 uxori.
357 2481 456 2529 Beatior
474 2481 553 2540 esset,
569 2483 590 2528 si
614 2479 1142 2538 superbia,bincaestimarepossumus,cujus

62 2544 167 2597 Deo'soli
177 2550 274 2610 placere
285 2548 444 2596 desideraret.
456 2548 541 2594 Cernis
549 2561 591 2594 au·
615 2547 699 2592 auctor
709 2547 820 2592 diabolus
831 2548 880 2606 est,
892 2559 966 2605 quem
978 2547 1073 2594 inducit
1083 2551 1142 2594 Pro-

61 2620 115 2664 tem
123 2619 180 2678 quia
191 2616 280 2677 ligatus
291 2617 343 2676 est,
352 2618 394 2677 qui
405 2617 443 2664 sui
456 2628 505 2663 uon
516 2615 591 2664 babet
615 2614 689 2673 pheta
698 2614 821 2662 dicentem
832 2618 937 2662 :Ponam
948 2615 1058 2662 tironum
1064 2631 1142 2663 meum

61 2685 170 2745 corporis
184 2685 337 2744 potestatem.
349 2679 409 2744 Ergo
421 2684 478 2743 quia
490 2684 590 2731 mauda-
614 2698 684 2743 saper·
694 2684 808 2742 nubes,et
817 2699 857 2732 ero
865 2686 947 2733 similis
957 2685 1141 2734 alliamenta-

60 2757 117 2800 tum
136 2754 184 2800 Dei
200 2755 249 2812 est,
271 2754 336 2813 quod
355 2754 426 2812 Legis
446 2754 544 2800 oraculo
565 2755 591 2800 et
615 2765 662 2811 que
678 2765 733 2799 cum
743 2753 776 2800 sit
786 2753 964 2812 nequissimus,
976 2754 1004 2799 ut
1022 2755 1141 2802 bonorem

62 2822 199 2881 apostolico
206 2835 319 2869 sermone
331 2823 484 2881 depromtum
498 2822 549 2879 est3
558 2833 590 2868 ne
615 2832 664 2865 non
673 2818 770 2867 dederit
776 2821 937 2866 DominoDeo
946 2820 1143 2879 nostro;peJores

63 2890 120 2948 quis
135 2903 251 2949 uxorem,
269 2890 381 2947 divitias,
398 2889 531 2945 honorem,
545 2900 591 2934 ne·
615 2888 1024 2947 tamendiscipuloserudivit.lllc
1039 2890 1142 2937 enimse

63 2956 225 3006 cessitudines
238 2959 291 3004 Deo
306 2958 421 3017 praeterat
433 2971 439 3002 ε
452 2957 495 3016 qui
509 2958 592 3002 autem
616 2954 651 3001 sic
659 2956 788 3012 exaltavit,
796 2956 824 3001 ut
832 2955 909 3002 vellet
920 2956 1012 3014 aquari
1022 2957 1047 3002 et
1054 2956 1143 3003 similis

63 3026 214 3086 praetulerit,
229 3025 262 3072 sit
279 3025 399 3071 obnoxius
415 3023 516 3081 judiciis
531 3012 591 3081 Dei3
617 3034 670 3068 esse
685 3023 809 3070 artissimo
825 3035 832 3068 ε
848 3022 986 3080 discipulus
997 3024 1079 3069 autem
1091 3026 1144 3079 ejus

63 3094 120 3141 ideo
131 3095 200 3153 prius
210 3092 375 3152 poposcit,ue
383 3090 515 3137 abscondat
525 3091 555 3135 ab
563 3101 592 3135 eo
617 3089 767 3147 significatur
787 3090 817 3134 ab
835 3090 949 3148 Apostolo
971 3089 1142 3147 indignaturus

27 3192 29 3199 ·
62 3162 130 3209 Deus
147 3160 261 3205 mandata
272 3171 323 3205 sua.
337 3159 385 3216 Qui
401 3158 468 3204 enim
479 3156 591 3203 mandata
617 3156 737 3214 aequalem
747 3156 902 3217 similemque
918 3169 944 3203 se
956 3156 1071 3203 aestimari
1081 3158 1142 3204 Deo.

62 3231 110 3278 Dei
122 3227 275 3286 cognoverit,
287 3229 312 3274 et
323 3225 481 3285 custodierit,
492 3237 542 3272 nou
553 3237 593 3271 re·
617 3225 739 3284 Scriptum
748 3226 785 3272 est
794 3226 860 3272 euim
869 3239 876 3270 r
885 3228 945 3272 Cam
955 3226 1067 3273 revelatas
1075 3226 1146 3285 meiat

19 3310 25 3319 ·
63 3294 596 3357 tagltJudiciadivina‚seddesiderat3me-
618 3293 686 3340 tremo
697 3296 839 3355 iniquitatis,
855 3296 876 3341 ct
889 3295 951 3352 tilios
965 3295 1086 3352 interitus,
1104 3298 1146 3355 qai

63 3360 593 3426 ritoquetamquamrevelatissibimandatis
617 3365 753 3411 moecatur
761 3365 783 3410 et
790 3364 910 3410 extollitur
918 3376 991 3422 supro
1006 3375 1073 3410 omnic
1084 3366 1144 3423 qaod
1200 3367 1212 3384 “·

64 3432 118 3480 aits
129 3424 252 3492 concupivi
267 3432 396 3479 desiderare
407 3430 498 3489 iudicia
514 3430 556 3477 tua
566 3430 593 3475 iu
616 3432 701 3478 dicitur
710 3434 782 3478 Deos.
791 3429 904 3490 Magister
915 3430 991 3488 igitur
1000 3430 1106 3477 similem
1117 3443 1156 3479 so-

64 3501 131 3547 omat
140 3502 249 3560 tenpore.
617 3499 755 3558 praesumit,
766 3499 808 3545 hic
823 3498 984 3558 superiorem.
1000 3498 1106 3558 ldeoque
1119 3503 1144 3546 ot

99 3568 138 3615 55.
157 3569 209 3614 Non
226 3565 291 3614 dixit
309 3579 318 3613 ε
336 3566 471 3627 concupivi
484 3565 591 3624 iudicia,
618 3568 737 3614 Dominus
748 3567 779 3614 ad
789 3567 923 3626 discipulos
936 3567 1066 3613 suosdixit
1078 3570 1143 3614 silo·

44 3635 47 3638 ⁴
65 3634 129 3682 sede
147 3637 271 3694 conceptor·
280 3636 419 3682 dendcrme
434 3634 503 3681 Sicut
525 3633 592 3680 cuim
613 3637 669 3694 jora
680 3636 715 3684 bis
726 3637 829 3694 luciolis,-
840 3636 869 3684 ut
876 3635 966 3694 quibus
976 3646 1077 3694 serpens
1089 3636 1144 3695 plus

65 3702 118 3750 vila
127 3702 211 3750 vivere
222 3704 278 3761 plus
291 3704 343 3761 est,
357 3713 431 3761 quam
442 3702 529 3748 vivere
541 3702 594 3762 (vi-
618 3704 756 3762 ademerat,
766 3714 839 3761 quam
849 3702 902 3762 ipsc
914 3702 1044 3760 amiserat,
1052 3703 1157 3761 majora

65 3781 241 3831 veronamque
251 3768 547 3825 communeetiamliujus
557 3772 593 3817 est
618 3771 726 3819 cbristus
742 3771 824 3817 tacere
840 3769 954 3830 donaret,
967 3783 1039 3831 quam
1054 3771 1145 3830 ipsein

66 3839 137 3897 mm,
148 3839 200 3886 vita
211 3840 294 3887 autem
301 3838 388 3886 viuere
401 3837 529 3884 beatorum
541 3838 591 3898 est)
618 3839 690 3885 terris
700 3839 802 3886 fecerat.
813 3839 841 3884 ln
851 3851 878 3886 se
887 3839 954 3885 enim
965 3838 1043 3887 voluit
1055 3839 1146 3896 princi·

65 3907 102 3954 sic
113 3907 285 3964 concupiscere
291 3908 319 3953 ut
327 3905 494 3953 desideremus
498 3904 594 3962 iudicia
618 3917 675 3964 pem
683 3905 769 3952 mundi
776 3904 912 3965 tallere,iu
921 3902 1050 3964 discipulis
1056 3903 1146 3949 trium-

66 3961 129 4031 Dei,
139 3973 196 4032 plus
207 3974 244 4020 cst
253 3986 327 4034 mam
338 3973 476 4022 desiderare
489 3972 593 4030 judicia.
618 3972 704 4031 phare.

66 4040 264 4101 concupiscimus
279 4041 345 4090 onim
356 4040 510 4102 desiderare,
521 4041 592 4107 quasi
648 4042 686 4089 55.
696 4040 875 4101 ltaqueatanto
885 4042 970 4089 volens
981 4037 1084 4086 crimine
1092 4036 1147 4085 viu.
