2760 4794
429 374 970 424 auesnnuoucxvrunxrosrrlo.
1206 373 1254 439 aee

172 451 271 517 qloriam
284 455 352 516 quest
361 456 473 518 uaiqcaili
484 475 500 507 a
508 462 594 517 Patre,
604 462 698 520 plenum
723 460 819 507 facilius
836 473 909 520 quam
928 460 971 506 ille
986 448 1253 508 auarisaeos‘exsudae-

170 527 254 584 qratioe
265 528 407 575 ctoerilctts.
419 529 542 588 Numquid
549 528 606 588 quia
618 528 698 585 dixit,
723 529 812 575 batur:
826 530 906 576 Omnis
921 529 988 576 enim
1000 530 1042 588 qui
1054 543 1077 575 ac
1089 531 1193 588 coellet,
1209 530 1252 576 lco-

172 594 242 652 qooar'
265 596 392 655 accipendi,-
412 596 603 642 similitudinem
623 597 698 655 magis
722 599 906 646 miliubiturrct
917 598 957 658 qni
968 611 991 646 ac
1002 597 1170 656 incendiaverat,
1186 599 1253 646 eecl-

169 660 293 719 unigeniti
304 676 394 723 ,quam
405 666 537 712 veritatem
545 664 625 712 voluit
633 665 698 712 aesti-
724 666 821 713 labitur.

171 728 252 774 mari?
752 735 791 781 55.
804 733 937 793 Sequitur:
949 736 1044 782 lustitia.
1054 736 1109 791 lue,
1123 735 1217 793 justitio
1225 736 1251 782 tu

200 797 240 842 55.
262 799 313 845 Non
334 812 390 860 ergo
419 812 570 860 supervacuo
589 800 698 847 caristus
722 805 835 863 cateruam
851 817 859 848 a
877 805 900 850 ct
916 803 955 849 lca
971 805 1011 849 tou
1031 805 1125 850 veritos.
1148 802 1251 849 Possunt

170 862 278 912 advenit.
294 868 347 913 lem
364 872 444 928 potest
459 870 541 916 dicere
552 869 624 916 homo
636 873 698 915 :slu-
722 871 821 932 quidem
839 866 930 930 singuli
946 871 1027 918 tacere
1044 884 1119 930 opera
1132 870 1251 929 justitiae,

169 934 231 980 oecis
251 948 291 994 cyo
311 949 381 994 sem,
400 939 422 983 ct
442 939 568 996 despectum
584 937 628 996 qui
646 938 698 985 erat
722 941 765 987 sed
780 953 830 987 oon
845 940 872 986 in
887 940 1007 987 aeternum
1025 940 1158 987 manentia.
1175 939 1251 986 Dives

170 1000 227 1046 ante
238 1000 362 1061 inpopulo
382 1004 463 1063 priore
475 1017 550 1051 senex
568 1005 695 1062 superbus.
722 1009 765 1055 llle
784 1008 824 1054 cul
842 1008 1031 1056 abundaverunt
1048 1008 1141 1072 diuitiae
1160 1007 1187 1053 iu
1203 1007 1251 1053 hoe

168 1066 356 1120 Dicitrluoeaic
375 1086 441 1129 sum,
463 1077 484 1119 el
502 1075 696 1133 despectaque·
721 1075 927 1134 saeculo‚lortasse
939 1072 1253 1134 tecer'italiquaoperalus·

169 1135 240 1183 modo
265 1138 328 1185 dicit
347 1140 473 1191 Ecclesia:
490 1143 567 1201 lilipru
590 1154 656 1198 sirm,
675 1144 696 1189 et
721 1142 1140 1202 tiliae,quoromremuneralionem
1151 1143 1251 1200 inprae-

126 1247 128 1252 .
168 1203 260 1252 decern
282 1208 403 1254 Praemisit
420 1209 530 1266 nigram,
549 1211 578 1254 ut
595 1210 696 1266 augeret
721 1211 784 1257 senti
799 1211 848 1257 ulta
866 1210 1003 1271 acceperlt3
1017 1209 1082 1270 quod
1099 1221 1149 1254 non
1164 1220 1253 1266 magna

169 1269 292 1319 decorem.
302 1274 341 1322 Sic
353 1274 695 1337 ethicpraemisitiuveoem,
721 1277 812 1326 luerint
827 1290 902 1336 opera
916 1279 973 1337 illa,
989 1291 1035 1326 nec
1052 1277 1252 1326 remuneratione

168 1339 197 1385 ut
217 1343 320 1398 augeret
339 1343 515 1392 humilitatem.
536 1346 587 1391 lton
607 1345 695 1392 dlxit:
720 1345 792 1405 digna
809 1347 939 1405 perpetua.
959 1347 1024 1404 Quid
1039 1342 1122 1407 quod,
1138 1342 1213 1392 etiam
1229 1344 1251 1392 si

168 1407 241 1466 Nigra
253 1423 306 1456 sum
312 1411 454 1471 decora3ne
464 1412 530 1472 quod
539 1412 636 1471 nigrum
643 1414 695 1473 est,
721 1415 822 1462 tacimus
832 1428 907 1474 opera
922 1416 1004 1476 aliqua
1017 1414 1134 1475 iustitiae,
1148 1413 1252 1461 tacimus

170 1475 285 1524 decorum
303 1481 472 1528 aestimaretur.
490 1483 539 1528 Nec
558 1481 641 1535 dixit:
651 1483 695 1528 lu·
720 1484 802 1530 tarrren
811 1496 861 1530 non
873 1484 1001 1544 contiuua,
1011 1484 1054 1532 ned
1064 1497 1127 1533 rara.
1135 1483 1251 1542 Plerique

170 1545 240 1592 reuis
255 1549 510 1610 sum-despectus3ne
521 1551 695 1608 iuventusde-
720 1564 768 1598 non
785 1552 885 1612 rapiunt
905 1553 1003 1612 aliena,
1020 1554 1063 1601 sed
1082 1553 1195 1600 nesciunt
1218 1552 1250 1599 de

143 1649 145 1658 ι
169 1612 294 1671 spirabilis
310 1618 453 1677 putaretur3
467 1619 510 1666 sed
524 1618 575 1677 ait,
587 1622 694 1676 ducenis,
719 1621 817 1679 proprio
833 1621 925 1680 largiri.
945 1622 994 1669 dlii
1015 1622 1164 1682 invadentes
1178 1620 1251 1667 inde·

169 1680 195 1726 et
210 1683 275 1741 quod
289 1684 404 1744 mireris,
418 1686 533 1745 humilis,
545 1698 595 1733 non
609 1700 694 1746 super·
719 1689 781 1735 bites
799 1688 942 1750 facultates,
956 1704 1004 1751 quo
1021 1692 1130 1752 speciem
1146 1689 1250 1749 justitiae

169 1747 229 1807 bus,
242 1750 643 1815 deiectopropior'quamtumenti.
654 1756 694 1802 Sic
718 1758 765 1804 sini
779 1758 923 1819 adquirant,
939 1761 1017 1808 solent
1032 1760 1143 1809 conterre
1156 1771 1251 1818 paupe·

170 1818 195 1862 et
205 1817 239 1864 ihi
252 1832 258 1864 ι
271 1821 342 1880 Nigra
362 1836 416 1870 sum
435 1824 562 1882 superiore
580 1825 694 1882 peccato,
718 1825 793 1870 ribus.
805 1827 855 1872 Neu
868 1828 904 1874 est
915 1829 961 1875 ista
972 1829 998 1874 in
1012 1830 1130 1876 aeteuaum
1142 1827 1249 1884 iustitia.

169 1885 212 1932 sed
223 1886 311 1936 decora
321 1891 471 1938 confessione
482 1891 577 1950 peccati
586 1924 594 1950 ‚
604 1891 630 1938 et
641 1904 694 1937 cor·
718 1892 788 1938 llulti
796 1892 855 1950 justi
866 1895 1010 1954 plerumque
1019 1897 1127 1956 graviter
1137 1895 1250 1954 delique-

168 1954 285 2003 rectiouis
296 1957 389 2018 studio,
401 1960 474 2018 atque.
487 1971 570 2007 amore
587 1959 694 2006 vututls.
719 1960 793 2015 runt,
811 1971 860 2006 non
882 1961 1001 2008 habentes
1023 1963 1121 2008 aeternae
1141 1961 1249 2006 fructum

168 2021 285 2082 Quamvis
302 2039 373 2085 ergo,
388 2032 426 2080 et,
450 2026 559 2085 syllaba,
577 2028 605 2074 ut
616 2040 696 2086 gram·
717 2025 827 2080 iustitiae.
835 2026 885 2073 Soli
893 2028 943 2074 Deo
951 2028 1060 2087 suppetit
1068 2028 1249 2086 inperpetuum

169 2089 252 2136 matici
257 2093 396 2152 appellant,
405 2093 560 2150 conjunctiva
566 2093 598 2140 sit
608 2094 696 2151 3hahet
719 2105 763 2151 per
771 2093 852 2140 omnia
860 2095 984 2153 possidere
994 2096 1128 2154 justitiam,
1140 2095 1182 2153 qui
1192 2106 1249 2153 pas-

169 2156 253 2203 tamen
266 2159 451 2208 distinctionem
462 2174 508 2222 qua
525 2160 634 2208 conlusio
646 2162 696 2208 dis-
719 2161 754 2208 cit
764 2161 841 2219 iustos
856 2164 881 2210 et
894 2164 1011 2224 iniustos3
1028 2164 1155 2211 nonenim
1170 2164 1250 2209 bene-

165 2226 280 2287 Jungitnr
293 2241 321 2276 ac
334 2230 478 2289 separatur:
493 2229 520 2277 ut
532 2231 551 2276 si
561 2230 628 2278 dicas
639 2233 696 2278 dm·
720 2228 771 2277 licis
783 2231 840 2277 solis
849 2230 976 2278 referenda
985 2232 1080 2289 iustitia
1089 2230 1141 2277 est:
1153 2229 1195 2276 sed
1204 2229 1251 2276 illa

168 2293 278 2342 brosium
296 2297 396 2344 Bassum
413 2299 480 2349 intus
492 2310 562 2356 esse,
580 2309 777 2358 unuspu·1vera
791 2298 887 2354 iustitia
899 2300 950 2358 est,
961 2313 1015 2360 quae
1026 2300 1086 2358 ipsis
1096 2310 1194 2358 quoqne
1205 2297 1249 2343 de·
1307 2323 1310 2330 -

169 2363 251 2410 tatur:
264 2365 304 2412 sin
319 2369 401 2414 autem
416 2367 513 2414 adseres
527 2367 696 2426 Ambrosium,
720 2365 798 2414 fertur
815 2367 930 2414 inimicis.
949 2369 1083 2429 Meritoque
1099 2368 1134 2414 ait
1149 2367 1249 2415 lustitia

169 2433 195 2478 ot
207 2434 305 2482 Bassum
314 2436 380 2484 intus
390 2449 456 2496 esse,
467 2436 515 2483 duo
526 2436 613 2496 utique
621 2437 696 2484 intel·
720 2434 765 2480 Dei
779 2449 785 2481 :
801 2438 893 2496 Diltqt'tc
903 2438 1008 2484 inimicos
1021 2440 1117 2485 cestros.

169 2503 287 2563 ligantur.
749 2503 788 2550 56.
798 2506 859 2564 Ergo
867 2505 931 2553 sicut
941 2506 966 2552 in
976 2506 1095 2552 aeternum
1107 2505 1144 2552 est
1153 2502 1249 2562 justitia

199 2570 237 2619 dl.
246 2574 316 2622 Dicat
327 2588 383 2635 ergo
395 2577 503 2624 :leaenis
511 2590 572 2633 eccm,
581 2578 697 2637 etdecpec-
720 2571 794 2620 solius
803 2574 860 2632 Dei,
868 2574 903 2620 ita
915 2576 957 2620 lex
966 2575 1012 2621 Dei
1023 2573 1122 2621 ueritas.
1134 2573 1181 2620 Sed
1189 2584 1249 2632 quo·

170 2643 221 2700 lirc3
240 2642 298 2700 quia
318 2644 426 2692 Christus
446 2645 473 2691 in
493 2657 602 2704 paupere
623 2647 696 2703 atque
721 2642 791 2689 modo
800 2642 863 2690 istud
872 2641 1120 2703 accipimustUtrum
1135 2642 1193 2702 quia
1205 2641 1248 2687 lex

169 2709 283 2769 despecto
294 2712 414 2759 mundum
423 2713 537 2773 redemit,
549 2713 608 2772 quia
616 2713 697 2760 Chris-
720 2711 764 2757 Dei
775 2711 876 2770 veritas,
885 2713 932 2758 hoc
945 2712 995 2772 est,
1008 2724 1081 2759 vera:
1094 2710 1189 2770 etquod
1198 2711 1249 2756 sta-

169 2780 209 2826 tus
220 2779 357 2829 humilitate
374 2783 498 2829 diabolum
515 2783 583 2830 vicit.
600 2782 671 2830 Dicat
688 2797 695 2829 :
720 2779 767 2826 tuit
778 2781 933 2839 Deus,omne
942 2794 1037 2840 verum,
1050 2780 1111 2828 sicut
1121 2779 1185 2825 iutra
1196 2779 1247 2825 ait:

169 2850 697 2910 Despectcccum3quiacorlrumiliatumDeus
720 2848 805 2894 Omnia
824 2852 939 2908 precepta
950 2836 998 2895 'tuo
1017 2847 1121 2895 veritas?
1139 2849 1175 2893 dn
1189 2847 1248 2906 quia

168 2918 330 2977 nonspernlt3
339 2920 396 2977 quia
404 2919 534 2976 despectus
543 2918 586 2963 ille
594 2919 697 2964 Lazarus
720 2916 810 2962 veritas
822 2916 864 2962 lex
874 2917 920 2962 Dei
932 2918 982 2974 ost3
994 2917 1052 2975 quia
1065 2929 1114 2962 non
1128 2915 1249 2962 mentitur

169 2985 195 3030 iu
201 2985 302 3032 Abrahae
308 2999 373 3032 nunc
379 2988 513 3045 requiescit
521 2987 585 3044 sinu,
595 2987 621 3033 ot
629 2986 697 3032 dives
721 2983 799 3031 Deus?
810 2984 880 3044 Apud
890 2998 947 3032 eum
957 2986 1034 3044 igitur
1043 2986 1134 3031 veritas
1142 2985 1183 3030 lex
1194 2984 1248 3042 est,

169 3053 212 3100 ille
223 3055 354 3112 jactantior
364 3054 482 3112 affligitur
495 3055 521 3100 in
532 3053 638 3100 interno.
651 3055 698 3098 De·
721 3052 815 3099 fallacia
827 3053 994 3112 praevaricatio
1006 3055 1050 3099 est.
1062 3053 1110 3099 Sed
1121 3054 1147 3098 et
1158 3053 1192 3099 sic
1202 3064 1248 3110 po·

168 3126 265 3181 spectus
282 3124 335 3169 erat
351 3124 456 3182 Moyses,
473 3135 519 3169 nec
536 3120 583 3168 sibi
595 3120 698 3168 idoneus
721 3122 768 3168 test
777 3122 891 3180 intelligi,
900 3121 943 3168 lex
952 3121 1000 3167 Dei
1011 3120 1102 3167 ueritas
1117 3121 1153 3166 est
1164 3132 1170 3163 ε
1182 3119 1248 3178 apud

167 3190 307 3247 videbatur,
317 3202 372 3236 cum
381 3190 411 3236 ad
420 3189 574 3236 liberandum
584 3189 699 3235 Hebraeo·
720 3189 815 3237 Judaeos
826 3202 883 3248 ergo
899 3201 947 3235 nou
959 3188 996 3236 est
1005 3190 1048 3235 lex
1063 3188 1122 3247 Dei,
1130 3188 1188 3248 quia
1199 3200 1251 3242 ιιοιι,

168 3271 224 3305 rum
251 3259 369 3319 populum
393 3259 542 3305 mitteretur.
561 3258 698 3316 Despectus
721 3257 992 3317 reeipiuotveritatem.
1009 3259 1059 3304 Lea
1077 3257 1248 3317 Doispiritalr'a

169 3326 372 3386 cratllieremias,
381 3329 424 3387 qui
433 3327 531 3375 dicebat
540 3340 547 3372 ε
556 3328 698 3375 nominator
721 3330 753 3375 est
759 3361 767 3386 ,
788 3327 850 3374 sieut
861 3328 988 3386 Apostolus
998 3326 1060 3374 dixit
1073 3340 1079 3372 :
1091 3339 1140 3372 non
1156 3326 1254 3374 hahent.

168 3398 285 3452 Domine,
297 3409 345 3442 cccc
362 3397 437 3442 nescio
453 3396 528 3454 locati,
540 3397 595 3455 quie
609 3396 697 3452 incenia
721 3408 778 3455 ergo
792 3408 873 3442 veram
888 3395 1039 3456 lege1u‚qui
1052 3408 1105 3442 earn
1117 3408 1165 3443 non
1176 3408 1249 3442 acce·

168 3477 220 3510 suat
231 3478 280 3525 eqo.
292 3463 339 3511 Sed
348 3462 500 3510 faciliusiste
511 3463 640 3521 despectus
651 3462 698 3509 eli«
720 3465 802 3522 porint
811 3464 965 3524 spiritaliter.
974 3464 1044 3521 Quod
1054 3466 1136 3511 antem
1148 3476 1195 3510 non
1206 3477 1248 3511 ve·

168 3532 241 3590 gitur.
257 3531 368 3590 Denique
384 3531 507 3583 dicituroi
527 3545 534 3577 ε
552 3533 607 3579 Noli
622 3532 697 3579 dicere
720 3546 787 3592 rura,
799 3534 904 3580 mendax
919 3533 956 3580 cst
968 3546 974 3578 ε
986 3533 1051 3592 quod
1062 3533 1194 3588 mentitur,
1206 3544 1248 3578 oc·

169 3604 224 3662 quio
233 3601 325 3659 jaceris
335 3613 387 3646 cum
402 3614 456 3659 cqo,·
471 3602 526 3660 quie
537 3601 568 3646 cd
578 3613 655 3646 ornare
667 3600 697 3644 cd
720 3602 787 3648 cidit.
803 3603 894 3649 littera
910 3614 966 3660 ergo
983 3613 1037 3660 quae
1051 3601 1141 3647 occidit
1158 3601 1249 3648 menti-

169 3682 322 3729 quoacomqoe
333 3670 417 3715 misero
426 3671 455 3724 te,
464 3668 554 3714 abibe:
564 3671 585 3716 et
592 3683 634 3728 per·
645 3683 697 3715 om·
720 3671 760 3716 tur
770 3684 775 3715 :
784 3670 883 3729 spiritus
892 3670 934 3730 qui
943 3670 1060 3728 vivificat,
1068 3682 1142 3716 uerus
1153 3670 1199 3716 est.

169 3737 518 3796 aia,quoecumqnemoaduocco
527 3735 577 3792 tibi,
587 3736 695 3795 loqueris.
750 3738 953 3796 aldermannus
968 3737 991 3784 et
1008 3738 1043 3784 sio
1054 3751 1061 3782 ι
1073 3739 1123 3784 Lex
1140 3737 1184 3782 Dei
1198 3746 1247 3781 uon

169 3806 205 3851 lle
216 3807 320 3852 limacea
331 3805 390 3863 tocie
400 3816 494 3861 eorum·
507 3804 563 3862 quia
572 3816 612 3862 eqo
622 3805 695 3850 lecum
722 3805 808 3862 typus,
827 3815 875 3850 nou
886 3805 984 3863 umbra,
1001 3816 1050 3851 nou
1062 3803 1188 3860 exemplar
1198 3813 1248 3846 coe·

168 3884 234 3927 eura,
251 3873 304 3917 dicit
315 3873 441 3927 maninus,
459 3873 484 3916 ct
501 3869 594 3916 liberem
606 3872 635 3917 te.
648 3871 697 3916 lle-
722 3871 833 3930 lestinm3
856 3872 899 3918 sed
919 3871 970 3931 ipsa
989 3870 1106 3919 coelestia.
1128 3868 1196 3914 Unde
1221 3867 1247 3913 et

170 3939 329 3998 spectuserat
339 3937 535 3986 illePulrlicanus
545 3968 551 3994 ,
560 3937 603 3996 qui
615 3939 697 3984 oculos
721 3939 837 3999 scriptum
856 3941 909 3999 est,
921 3941 1038 4000 quietate
1049 3938 1114 3996 lepis
1125 3939 1157 3979 ert
1168 3935 1247 3978 cteric-

169 4007 202 4054 ad
211 4007 299 4119 emto}
314 4020 362 4054 non
375 4008 479 4055 audebat
492 4008 574 4054 levare
587 4020 592 4051 ι
606 4007 630 4054 ot
642 4007 696 4054 ideo
722 4010 766 4055 luc.
777 4007 828 4054 Non
841 4007 951 4055 delectus
960 4008 1058 4062 utiquo,
1069 3997 1245 4108 sed2plenitudo

299 4102 303 4116 ι
1124 4081 1137 4106 ι)
