2760 4794
260 421 305 471 iil
654 425 774 469 sartori
791 426 951 470 hunnosll

261 507 382 555 nocentes
405 518 462 566 ergo
480 519 534 566 qum
560 508 652 566 Moyses
675 506 787 566 scripsit,
816 507 934 553 ledietnm
946 502 1349 567 ungiuetconmglamaooeuo

260 587 336 621 onera
352 574 434 634 gravia
445 575 522 634 ligant
537 575 701 633 corporalibus
716 575 787 633 Legis
810 575 928 621 'dictionis
949 575 1052 633 gratiam
1065 588 1073 634 3
1091 574 1121 621 ut
1145 574 1346 623 benedictionem

261 641 271 702 t
283 643 366 701 gravia
378 648 433 692 snut
449 644 515 690 euim
530 657 585 702 qum
596 643 718 690 contraria
730 644 787 701 jugo
814 643 919 689 habeant
930 642 957 691 in
968 643 1124 700 celestinus,
1134 642 1167 689 in
1179 644 1282 691 Christo
1289 644 1345 698 lesu,

260 711 351 758 Christi
371 710 448 772 sunt)
467 714 551 771 et'per
566 711 700 759 doctrinam
718 723 786 758 suam
812 710 856 768 qui
875 711 985 757 mortuus
1007 712 1043 758 est
1058 723 1103 770 pro
1123 710 1223 774 nobis,
1244 709 1346 765 nilida

261 778 359 825 deviam
370 781 536 839 graviaonero
546 781 676 839 imponunt
686 780 787 826 aurihus
814 778 927 826 transiret
938 779 968 824 od
984 781 1069 838 gentes
1085 791 1092 824 ε
1108 778 1158 838 qui
1174 780 1204 827 et
1219 779 1295 834 sivir
1309 775 1346 824 inii

260 845 488 905 audientiumque
495 848 578 906 ipsine
586 848 680 894 tantum
688 847 786 906 quidem
812 848 868 892 aute
879 847 1008 906 Synagogae
1018 878 1025 905 ,
1036 859 1082 893 nec
1093 846 1183 906 ipsam
1196 843 1347 904 deseruit,ct

259 914 346 962 volunt
355 928 468 974 movere,
478 919 506 963 ut
521 916 709 975 acorporoiihus
717 914 787 972 Legis
812 927 855 961 uos
865 915 971 962 redemit
981 928 988 973 3
997 915 1065 961 illam
1077 914 1148 962 enim
1159 912 1344 970 non-desernit,

259 983 292 1028 ad
306 983 426 1041 spiritalia
444 985 575 1043 scripturn
590 985 665 1032 verba
680 995 786 1030 commo-
811 984 838 1029 ut
848 983 960 1042 reliquiae
971 985 1043 1030 salvae
1054 983 1150 1030 tierent
1164 997 1172 1029 r
1185 995 1235 1031 uos
1249 981 1345 1030 redenis

259 1052 462 1099 veantstcenim
471 1052 657 1111 intelligendum
671 1052 719 1110 est,
728 1051 786 1112 quia
812 1051 925 1110 eligendo
936 1053 1038 1111 populos
1053 1051 1204 1104 nationum.
1223 1053 1284 1098 llaec
1296 1061 1345 1110 erg·

259 1119 336 1179 digito
347 1133 389 1167 suo
400 1121 488 1167 nolunt
496 1133 594 1168 movere
606 1121 648 1167 ilia
658 1134 665 1181 ;
677 1121 723 1167 hoc
735 1122 784 1177 est,
812 1119 900 1166 electio
911 1121 1022 1178 gentium
1032 1119 1097 1167 salus
1107 1119 1211 1167 iudaeis
1223 1132 1231 1180 3
1243 1118 1345 1179 reliquia

260 1199 309 1235 uec
331 1190 421 1249 exiguo
446 1191 537 1249 puncto
560 1189 634 1249 alque
663 1189 785 1236 momento
811 1187 877 1234 euim
885 1200 934 1235 nou
945 1201 990 1247 per
1001 1200 1074 1248 opera
1085 1199 1147 1246 sua,
1164 1189 1216 1235 sed
1229 1201 1277 1248 per
1288 1189 1344 1234 elac·

238 1286 240 1291 -
258 1256 444 1304 transieruntse
462 1258 494 1304 ad
510 1257 698 1317 intelligentiam
714 1256 785 1317 spiri·
811 1255 903 1302 tionem
914 1257 997 1316 gratiae
1007 1257 1080 1304 salvae
1093 1255 1171 1303 tactae
1188 1257 1260 1305 sunt.
1273 1254 1343 1303 onis

259 1327 412 1373 talemlliuc
420 1326 457 1373 est
468 1326 494 1373 et
506 1327 580 1385 illud,
591 1327 655 1386 quod
666 1327 784 1386 scriptum
810 1324 848 1369 cst
859 1336 915 1382 ergo
923 1324 1012 1372 Christi
1021 1337 1074 1384 quae
1087 1323 1172 1372 etuos
1184 1324 1310 1391 redemit,
1318 1324 1352 1372 tt·

258 1395 297 1440 est
308 1408 314 1440 r
325 1397 422 1456 Quodsi
437 1397 461 1442 in
473 1397 543 1455 digito
554 1396 599 1442 Dei
611 1409 651 1455 ego
662 1397 786 1455 ejiciodm-
809 1392 925 1451 reliquias
939 1393 1084 1442 vivificavit.
1104 1394 1254 1445 commotio
1270 1394 1342 1441 autu

197 1462 202 1471 ’
257 1466 347 1510 laonia.
366 1463 429 1521 Quid
440 1465 472 1512 sit
484 1464 593 1524 digitus,
609 1464 785 1522 iuterpretatur
810 1461 897 1519 cupitis
907 1461 971 1509 facto
977 1462 1047 1510 ostiu
1056 1462 1179 1521 gentibus
1192 1476 1200 1509 ε
1213 1461 1342 1515 redemi

258 1531 312 1590 ipsa
322 1533 462 1592 Scriptura,
478 1546 533 1592 quas
551 1532 612 1579 dicit
623 1533 649 1579 in
660 1533 708 1579 alio
721 1533 783 1579 lihro
809 1529 970 1576 commotione
986 1542 1036 1576 non
1050 1529 1194 1577 mediocris
1204 1529 1341 1579 mutationis

257 1601 384 1660 Evangelii
402 1603 486 1663 :Quod
503 1604 524 1649 si
540 1603 564 1647 io
583 1603 671 1661 Spiritu
684 1602 783 1661 Detege
808 1597 911 1654 gratiam
932 1596 1011 1643 Judaei
1033 1597 1223 1657 pertulerunt,
1247 1608 1340 1659 quem

257 1669 323 1727 ejicio
340 1671 464 1717 doemouiu.
480 1669 578 1728 Digitus
591 1681 647 1728 ergo
659 1668 719 1728 Dei,
728 1670 784 1728 Spi-
808 1665 918 1723 reliquiae
928 1665 1001 1712 salvae
1010 1665 1078 1713 iactae
1089 1666 1160 1713 suut.

257 1739 371 1785 ritusDci
378 1740 430 1797 est3
441 1738 580 1785 Deuseuim
590 1737 690 1796 spiritus
700 1739 736 1785 est
745 1739 784 1797 ,ct
838 1733 877 1780 69·
885 1733 1002 1793 Sequitur
1012 1747 1018 1777 τ
1029 1735 1289 1783 Totodieverecoadc'c
1296 1746 1339 1782 m

256 1806 320 1853 nihil
331 1806 440 1854 haletin
451 1819 494 1853 sua
506 1806 782 1866 sursuntincorporare,
808 1804 889 1848 contra
906 1815 943 1848 mc
962 1805 994 1849 rot
1008 1816 1016 1848 .·
1032 1804 1054 1849 ct
1072 1802 1186 1860 contento
1205 1804 1286 1850 enims
1303 1801 1340 1848 nri

257 1874 301 1921 sed
312 1874 376 1922 totus
390 1875 428 1922 cst
446 1875 555 1933 spiritus.
572 1875 600 1920 ln
616 1874 710 1932 Spiritu
725 1888 783 1934 ergo
808 1872 896 1928 litterati
906 1884 951 1917 me·
963 1870 1027 1928 Quid
1038 1871 1075 1916 est
1092 1871 1164 1929 quod
1174 1871 1338 1920 inser-onnes

172 1965 173 1969 =
236 1942 303 1991 ilci
325 1942 394 2000 elicit
414 1943 577 2000 daemonium,
599 1942 689 2000 quiin
707 1942 783 2002 digito
807 1950 910 1996 uersutia
930 1939 1018 1998 uduo,
1033 1939 1165 1986 interdum
1191 1954 1228 1988 ex
1246 1951 1338 2001 persoui

256 2011 304 2057 Dei
321 2012 399 2070 ejicit.
411 2012 480 2058 Urrde
493 2012 518 2058 et
533 2010 630 2057 sanctus
641 2011 719 2057 David
731 2011 781 2057 ait:
807 2006 969 2064 plurimorum
976 2008 1084 2066 psalmus
1092 2007 1134 2054 hic
1148 2008 1266 2057 dicitur?
1275 2010 1338 2056 itam·

258 2082 376 2142 Quoniam
390 2081 470 2128 videto
484 2081 551 2127 coelos
564 2083 627 2138 tuos,
642 2093 712 2139 opera
726 2082 783 2140 digi-
806 2085 853 2132 que
870 2086 884 2120 a
902 2074 1024 2134 principio
1041 2075 1190 2133 aplurihus
1209 2077 1299 2136 cepit,
1313 2074 1336 2121 ut

255 2153 335 2196 torum
350 2151 459 2209 tuorumg
479 2149 526 2195 hoc
548 2148 599 2206 est,
626 2147 730 2207 Spiritus
744 2149 782 2195 tui
807 2145 1042 2192 ostensusuuriiue
1056 2145 1145 2192 uostris
1160 2143 1336 2202 monetmonet

256 2227 331 2279 opera
341 2221 398 2267 sunt
408 2218 478 2278 cmii,
491 2216 555 2265 sicut
566 2219 591 2265 et
602 2216 719 2276 scriptum
732 2217 781 2266 est:
807 2212 893 2258 caetero
906 2225 960 2272 quae
974 2212 1118 2272 sequuntur.
1129 2213 1238 2262 Deinde
1249 2215 1297 2262 ait:
1306 2214 1335 2260 rr

258 2287 338 2338 Verbo,
350 2289 448 2336 Deretini
461 2289 512 2335 coeli
526 2287 616 2345 firmati
626 2288 692 2343 sicat,
704 2289 726 2333 et
736 2288 783 2346 spi·
805 2293 828 2326 eo
838 2281 886 2340 ipsc
896 2285 947 2329 Reor
954 2295 1032 2338 meus,
1041 2284 1227 2332 ctDcucmcus.
1243 2285 1334 2331 tternnr

172 2412 176 2417 ἱ
254 2358 304 2404 rita
314 2358 361 2404 orig
372 2357 420 2415 (ἠως
431 2357 505 2402 omnig
515 2357 590 2402 virlug
600 2367 689 2400 eorum.
806 2349 833 2392 la
849 2351 870 2394 le
886 2350 992 2396 t'itt'mi'wt
1009 2352 1100 2397 nostros
1117 2352 1299 2400 venfilahimrtt.
1311 2349 1334 2396 Et

286 2424 324 2470 6⁷.
336 2425 369 2472 Ut
383 2437 440 2483 ergo
451 2423 623 2470 concludamus
636 2421 782 2482 disputatio·
806 2417 888 2473 postea
898 2430 905 2464 τ
917 2421 971 2466 Nun
982 2419 1043 2465 euim
1055 2420 1080 2464 Μ
1092 2432 1152 2466 utcu
1163 2433 1223 2468 meu
1233 2419 1332 2482 metor

254 2504 325 2551 nem,
336 2492 422 2540 scrihae
434 2492 460 2538 et
473 2490 588 2550 pharisaei
605 2490 669 2536 uihil
681 2491 711 2537 ad
719 2492 782 2539 inte·
805 2485 846 2531 et:
857 2489 942 2534 1uD⁶⁰
951 2487 1102 2535 laudabimur
1111 2490 1163 2535 ‘⁰¹1¹
1169 2490 1211 2536 ‘1²'ss
1220 2505 1229 2548 i
1237 2491 1276 2537 et:
1285 2491 1332 2535 ’Μ

254 2560 346 2606 riorem
357 2560 481 2605 hominem
496 2557 619 2614 referunt,
630 2559 673 2616 qui
684 2563 712 2605 ut
728 2560 781 2618 ipse
805 2554 839 2600 die
847 2558 985 2603 verecundia
1000 2570 1053 2602 mea
1069 2559 1156 2604 cunita
1168 2571 1211 2605 mu
1224 2555 1332 2616 eth'Q'lffl

255 2627 286 2673 ad
298 2627 427 2684 imaginem
436 2628 482 2673 Dei
491 2627 516 2672 et
526 2626 715 2673 similitudinem
731 2628 781 2675 iac·
804 2621 851 2668 Silii
862 2625 916 2671 vult
931 2625 977 2672 ista
991 2624 1111 2682 mutatio,
1124 2637 1184 2684 quae
1199 2627 1331 2687 frequenter

255 2696 296 2741 tus
314 2698 364 2752 est3
381 2695 416 2741 ita
436 2695 462 2740 in
478 2694 508 2740 iis
516 2707 571 2752 qum
586 2696 675 2752 cogitat
686 2698 711 2742 ot
727 2710 780 2756 quae
804 2689 829 2735 in
841 2692 940 2750 psalmis
950 2694 1083 2751 repetitur;
1096 2692 1165 2740 sicut
1177 2696 1208 2742 et
1225 2695 1331 2743 lucentc-

254 2762 406 2822 meditatur,
422 2763 496 2810 dehet
507 2763 647 2822 magisque
661 2765 778 2823 spiritalia
803 2758 864 2805 simo
883 2762 968 2808 octavo
984 2762 1077 2820 psalmo
1100 2762 1152 2809 ait:
1166 2766 1238 2812 Deus
1253 2765 1332 2812 lauden

254 2831 778 2892 sunt,quamquaecorrraliacogitnre.Totum
804 2844 879 2877 meum
896 2844 925 2877 ae
937 2833 1036 2878 tacueris
1052 2832 1126 2890 :guia
1139 2844 1166 2878 os
1176 2834 1307 2892 peccatoris
1314 2831 1331 2878 rt

255 2913 312 2961 crgo
323 2902 354 2948 ad
366 2901 436 2948 illum
445 2901 606 2961 exteriorem,
618 2903 779 2951 adillumter·
803 2912 827 2946 os
841 2900 913 2947 dolosi
931 2913 999 2959 snper
1009 2913 1045 2945 rac
1056 2902 1167 2958 apertum
1180 2904 1227 2949 est.
1240 2903 1289 2948 llos
1304 2900 1328 2946 de

253 2982 342 3018 renum
360 2971 484 3016 hominem
499 2971 593 3017 reterre
611 2971 777 3020 contendunt:
803 2980 865 3026 uuo,
875 2968 1021 3026 sequiturdo
1030 2967 1153 3026 pluribus.
1168 2969 1329 3031 Loquarismt

255 3040 281 3086 et
289 3039 344 3086 ideo
357 3040 437 3087 omnia
446 3051 531 3086 eorum
543 3051 618 3098 opera
635 3040 695 3086 talia
706 3043 761 3087 sunt
771 3074 787 3100 ‚,
802 3039 922 3084 (doersum
938 3051 975 3084 ane
991 3039 1070 3096 tingue
1084 3039 1187 3087 dolosa.
1203 3072 1211 3086 .
1226 3073 1233 3087 .
1248 3043 1286 3088 .ct
1294 3051 1328 3099 po-

252 3109 281 3156 ut
297 3108 428 3156 videantur
446 3108 476 3153 ah
498 3107 654 3164 hominihus3
678 3120 727 3154 nou
751 3110 787 3156 uit
801 3107 1027 3164 sueruatodiumpro
1037 3107 1158 3152 dilectione
1167 3120 1237 3154 mea.
1246 3104 1328 3153 Deinde

252 3177 448 3238 prlacea'utPatri,
460 3177 503 3236 qui
512 3177 538 3222 in
546 3177 687 3223 abscondito
698 3176 775 3224 videt.
802 3173 832 3219 de
843 3186 892 3220 uno
901 3187 908 3219 r
916 3176 1110 3233 Constituesuper
1118 3178 1328 3234 compeccatom.

251 3248 350 3294 'liment
364 3247 431 3295 enim
442 3258 484 3292 sua
495 3258 569 3304 opera
580 3246 700 3291 revelare.
801 3241 869 3298 Quod
894 3240 992 3288 videtur
1023 3241 1049 3287 in
1075 3240 1222 3289 centesimo
1254 3242 1328 3288 ociaro

282 3315 321 3362 68.
335 3315 393 3361 Haec
412 3314 449 3361 est
468 3326 525 3371 ergo
542 3312 673 3359 commotio
691 3312 778 3371 capitis
801 3312 893 3369 psalmo
911 3311 978 3357 aliud
996 3310 1027 3356 ad
1047 3310 1170 3369 populum
1190 3312 1328 3358 ludaeorum

251 3382 389 3442 quaefacta
410 3381 491 3427 estin
510 3380 624 3438 populis:
637 3379 693 3436 vel,
714 3381 777 3428 sicut
801 3380 902 3438 reterri,
923 3379 991 3426 aliud
1008 3379 1039 3425 ad
1058 3378 1147 3425 ludam
1167 3379 1325 3437 proditorem.

252 3448 339 3508 Aquila
361 3449 386 3496 et
406 3447 567 3506 Symmachus
593 3446 725 3506 dixerunt,
752 3450 777 3494 iu
800 3448 899 3504 Quando
907 3448 1035 3508 pluraliter
1052 3447 1136 3506 dicta,
1150 3447 1185 3492 ad
1197 3449 1327 3508 populures

250 3517 369 3577 gentitusg
380 3527 463 3562 omnes
475 3515 540 3560 cuim
552 3514 637 3571 gentes
647 3518 777 3564 moverunt
800 3516 896 3574 quaudo
922 3515 1094 3573 singulariter,
1118 3514 1150 3561 ad
1168 3516 1273 3563 Judam.
1291 3513 1328 3560 llic

251 3589 420 3643 caputsuum,
437 3582 465 3629 ut
474 3582 568 3641 Legem
584 3573 727 3641 spiritaliter
738 3585 777 3630 iu·
800 3597 895 3644 quoque
907 3595 1035 3643 possumus
1051 3582 1150 3642 dicere,
1167 3585 1273 3642 quaudo
1282 3583 1328 3643 pla·

250 3652 454 3712 terpretareutur.
471 3652 546 3698 Nemo
561 3651 696 3698 secuudum
707 3653 777 3700 litie-
801 3654 884 3701 raliter
898 3654 980 3710 dicta,
999 3653 1030 3699 ad
1042 3652 1138 3699 sanctos
1151 3665 1157 3698 :
1171 3651 1327 3712 quandosiu·

250 3733 303 3770 ram
321 3720 435 3780 Legisse
455 3720 525 3780 putet
546 3732 598 3767 esse
617 3721 774 3782 salvandum3
800 3722 931 3780 gulariter,
942 3721 973 3767 ud
983 3721 1116 3767 Dominum
1123 3722 1240 3768 nostrum
1252 3723 1327 3769 tecum

249 3789 306 3850 quia
320 3789 403 3836 littera
415 3789 486 3848 Legis
506 3788 667 3836 maledictum
678 3789 773 3838 habet:
800 3790 920 3837 Christum
935 3788 1037 3847 reterri;
1051 3789 1110 3847 quia
1119 3788 1243 3836 aestimari
1256 3783 1329 3850 potest

249 3859 349 3920 spiritus
370 3858 569 3906 benedictionem
589 3857 676 3905 adieri.
699 3861 774 3907 Nemo
800 3859 825 3906 et
840 3871 884 3917 pro
896 3858 1006 3916 pluribus
1016 3857 1042 3902 iu
1058 3857 1182 3914 Propheta
1199 3858 1327 3917 loquutus,

249 3941 283 3975 ox
300 3927 414 3987 operibus
435 3927 506 3986 hogis
530 3926 657 3984 iustificari
679 3929 772 3988 potest3
800 3928 825 3974 ot
840 3927 893 3985 ipsc
904 3938 948 3986 pro
959 3938 995 3971 so.
1012 3927 1041 3972 Et
1056 3925 1111 3971 ideo
1130 3924 1248 3973 dixerit:
1264 3927 1328 3972 Vera·

248 3995 307 4055 quia
317 3997 362 4042 sub
371 3994 566 4043 uraledictosuut
575 3998 773 4055 omnes,qoisuo
800 3997 884 4042 curretis
898 4009 951 4042 mea
966 3997 1048 4042 contro
1061 4008 1097 4040 arro
1107 3995 1155 4052 cstg
1167 4006 1228 4052 quae
1244 3992 1328 4041 dicitur

247 4063 330 4112 littera
346 4066 410 4112 suut.
426 4063 528 4125 Fugiunt
544 4076 600 4124 crgo
621 4076 705 4113 omues
720 4077 773 4114 ma·
799 4058 906 4126 ἔντροπηι
919 4059 1014 4124 {arpenn
1024 4063 1166 4122 outemest,
1176 4063 1329 4124 quandove·
