2760 4794
254 293 300 346 llto
645 296 764 342 senoni
782 297 943 340 nunnosn

255 380 378 439 majestas.
387 379 501 440 Denique
511 377 616 427 'l'homas
625 378 667 438 qui
676 379 732 425 ante
745 377 783 423 di·
807 377 884 436 lonis,
908 377 933 424 id
961 377 1021 436 est,
1044 375 1107 424 socii
1138 378 1168 426 et
1197 377 1336 428 inherentes

256 451 327 498 nebat
339 464 345 496 ε
355 451 491 498 Nioivtdero
500 447 782 505 inmonibnoejoefinnro
807 446 918 505 diabolo,
936 446 976 493 cui
992 445 1104 492 dicitur:
1121 447 1243 507 Exsurge
1257 449 1335 507 aquito,

255 521 422 576 elaeonem,el
435 520 528 565 millam
545 529 643 564 monum
658 529 735 563 meam
756 516 782 561 in
805 517 832 561 nt
853 517 932 562 verrini
957 517 1052 574 arielem
1074 513 1137 561 laeti
1165 516 1233 563 sunt
1257 515 1337 562 Christo

255 589 316 636 lotus
327 589 375 645 eius
382 620 390 645 ,
402 600 449 633 noa
461 589 552 634 credam
559 601 568 646 ,-
579 585 622 632 ubi
636 585 705 632 misit
719 583 782 643 digi-
806 583 898 631 fideles.
910 582 958 643 ipsi
976 583 1032 630 sunt
1049 582 1135 640 enim,
1148 581 1186 629 de
1203 583 1298 643 quibus
1307 583 1337 630 di-

256 656 309 702 tum
319 655 439 712 suum,et
456 654 581 701 evidentia
596 652 782 701 resurrectionis
805 653 888 699 citur:
901 656 947 713 Qui
966 654 1082 712 confidant
1099 655 1125 700 in
1144 655 1274 710 Domino,
1291 654 1337 701 eieel

257 723 371 782 coguovit
380 722 471 768 indicia
479 754 486 780 ,
494 722 617 768 admirans
625 721 688 767 iutra
699 733 724 767 se
735 721 780 766 Dei
805 736 871 770 mom
879 725 943 770 Sion.
953 722 1020 767 Facti
1031 721 1088 768 sunt
1101 721 1195 780 itaque
1209 733 1282 768 mons
1290 721 1336 768 Sion

255 790 782 851 gratiam:Dominne,inquit,moneetl)eaa
806 803 848 848 por
872 791 974 850 gratiam
993 789 1104 848 Christi,
1132 791 1159 836 et
1190 790 1337 850 baptismalis

256 873 328 907 mene.
337 861 405 906 'l'unc
413 871 470 916 ergo
478 859 782 918 plenissimedivinilatem
804 861 992 905 sacramentum.
1018 859 1151 918 Aquilonis
1179 857 1337 917 intelligibilis

255 927 310 987 ejus
330 927 570 987 dominationemque
590 927 714 975 consessus
732 931 780 985 ost,
791 910 794 965 t
804 928 884 985 gravis
895 928 932 973 est
943 927 1028 985 datus,
1039 926 1079 987 qui
1097 926 1172 986 prius
1183 927 1336 987 tempestatas

255 997 299 1043 ubi
311 1009 368 1044 eum
376 997 540 1044 resurrexisse
553 1008 602 1042 non
617 995 737 1042 dubitavit
751 996 781 1042 ab
804 996 950 1054 asperrimas
968 998 992 1043 et
1010 996 1134 1056 proeellas
1150 996 1279 1058 humanis
1294 1007 1336 1043 mo·

255 1065 351 1114 inieris.
360 1066 474 1125 Denique
483 1067 507 1111 in
516 1065 575 1112 Sion
587 1065 693 1124 hymnus
703 1065 781 1110 Deum
804 1065 877 1112 vebat
889 1064 1034 1112 affectibus:
1047 1064 1127 1124 ooepit
1139 1077 1205 1128 suos
1217 1066 1334 1123 amittere,

256 1135 342 1194 decet,
357 1136 383 1182 et
398 1135 483 1182 votum
500 1135 523 1181 ei
536 1135 638 1182 solvitur
653 1134 679 1180 in
694 1135 783 1180 Hieru·
805 1134 846 1192 qui
867 1135 976 1182 vexabat
994 1134 1098 1181 alienos.
1119 1133 1238 1181 Gentem
1250 1145 1334 1181 omnen

255 1205 340 1253 salem.
351 1204 416 1262 Quid
426 1204 501 1263 igitur
510 1204 599 1250 mirum
610 1204 631 1250 si
642 1202 668 1250 in
681 1203 782 1250 civitate
805 1204 928 1252 everterat
947 1204 1105 1262 Iudaeorum,
1126 1204 1253 1252 nationes
1265 1216 1335 1250 omres

255 1274 363 1334 ooelesti,
376 1275 402 1320 et
412 1273 438 1321 in
449 1274 492 1320 illo
509 1285 616 1332 superno
631 1272 656 1319 ot
674 1273 782 1320 aethereo
804 1286 847 1320 suo
860 1273 984 1320 revinctas
999 1273 1102 1320 tenebat
1122 1272 1254 1334 imperio,
1270 1272 1333 1335 ipsiu

256 1342 308 1389 loco
318 1342 430 1403 potentia
444 1341 497 1401 ojus
508 1341 682 1400 vehementius
692 1340 783 1401 praedi·
804 1344 875 1389 erant
884 1343 975 1400 latera3
988 1342 1033 1388 boo
1042 1343 1097 1400 est,
1112 1341 1282 1401 adspirabant
1290 1353 1333 1388 eun

256 1407 344 1457 catur?
765 1464 766 1468 Ἰ
790 1421 794 1492 Ι
804 1421 842 1456 eo.
854 1410 922 1457 Siout
934 1410 1001 1457 enim
1010 1409 1135 1471 principis
1146 1410 1235 1458 latera
1245 1406 1332 1457 uicinos

285 1477 310 1525 t.
333 1478 432 1526 Addidit
450 1480 578 1528 :Dilatum
603 1479 782 1526 exsultationem
804 1478 934 1537 stipatores
943 1477 996 1537 ejus
1004 1477 1030 1524 et
1039 1478 1163 1536 comites,
1178 1479 1209 1526 et
1220 1479 1332 1525 sicutnu-

255 1548 367 1594 natoereoe
376 1551 452 1594 terroe.
462 1549 557 1594 Etrere
566 1559 667 1607 magnus
682 1546 781 1607 dieitur,
804 1547 851 1593 lier
861 1547 926 1593 latus
936 1547 974 1594 est
983 1546 1045 1605 viri,
1057 1558 1087 1593 eo
1100 1546 1171 1606 quod
1185 1546 1331 1607 morigerati

255 1613 378 1672 quiistius
390 1617 462 1660 terrae
473 1614 499 1660 iu
510 1627 559 1674 qua
572 1617 629 1662 ante
641 1614 781 1661 intolerabi-
804 1616 920 1663 societate
939 1616 1056 1675 iungatur
1064 1627 1078 1674 ς.
1103 1615 1142 1662 ita
1170 1617 1256 1681 latera
1275 1615 1331 1663 eraut

256 1681 318 1727 lium
325 1683 480 1742 peecatorum
492 1684 603 1742 germina
614 1683 779 1745 pullulabant,
804 1685 909 1743 diaboli,
922 1684 966 1744 qui
981 1684 1109 1732 iaciebant
1127 1684 1216 1744 ipsius
1234 1685 1331 1733 voiono

256 1750 300 1796 ubi
320 1753 372 1798 erat
388 1763 479 1798 moeror
499 1752 605 1799 tristitiae
623 1753 649 1798 et
663 1752 780 1812 gemitus,
805 1754 863 1800 tem.
875 1753 895 1799 li
907 1766 962 1811 ergo
972 1764 1039 1799 nuno
1050 1752 1112 1799 sunt
1124 1765 1201 1800 mons
1212 1752 1286 1812 Sion,
1298 1750 1330 1811 qui

256 1820 445 1868 exsultationem
455 1820 506 1867 toto
514 1821 572 1868 orbe
583 1820 688 1867 diliudit.
697 1823 780 1881 ltaque
804 1824 882 1868 Deum
900 1822 1058 1881 speculantur
1079 1821 1231 1880 aeteruum,
1251 1821 1277 1870 et
1292 1817 1331 1880 ipsi

256 1888 383 1936 hominum
405 1889 553 1936 conscientia
564 1903 619 1948 quae
633 1889 690 1936 aute
707 1889 777 1950 llagi·
804 1892 916 1940 noctibus
923 1892 1041 1938 etdiebus
1049 1890 1202 1939 intendunt.
1210 1888 1331 1955 Videmibi

247 1957 346 2004 uorum
356 1970 454 2005 suorum
467 1956 604 2017 gurgitibus
621 1957 731 2004 demersa
743 1959 781 2005 lu·
803 1961 906 2007 Paulum
918 1973 975 2008 eum
991 1960 1195 2020 persequeretur
1209 1959 1331 2009 Ecclesiau

255 2026 341 2085 gebat,
351 2039 416 2073 nuno
427 2039 472 2086 per
485 2026 661 2085 indulgentiam
673 2026 779 2085 dhristi,
804 2031 918 2088 Domini,
936 2030 1001 2077 latus
1021 2028 1149 2088 aquilonis
1167 2029 1270 2078 luisset
1284 2027 1330 2076 ride

256 2096 282 2143 el
305 2096 473 2144 remissionem
497 2097 606 2143 omnium
623 2096 778 2155 peecatorum
803 2111 867 2145 nuno
879 2111 936 2145 oum
948 2098 1040 2156 legitur
1051 2096 1078 2144 in
1091 2098 1227 2159 Ecclesia,
1236 2097 1330 2148 monten

256 2164 324 2212 metu
335 2164 444 2212 absoluta
456 2164 562 2212 laelatur.
574 2165 694 2219 Convenit
705 2165 780 2223 igitur
803 2180 855 2214 esse
874 2167 1079 2228 speculatorium,
1100 2179 1243 2227 perquem
1254 2165 1331 2215 curisti

255 2235 282 2282 et
292 2234 312 2281 si
323 2234 359 2280 ita
370 2234 550 2293 intelligamus,
560 2234 589 2281 ut
603 2234 726 2292 diximum
737 2234 780 2281 sed
802 2236 903 2296 gloriam
922 2236 1103 2296 cognoscimus,
1122 2237 1150 2284 et
1167 2237 1295 2285 videmus.
1308 2234 1330 2282 n

254 2303 312 2363 quia
320 2304 346 2350 in
354 2301 649 2361 vetustisexemplaribus
657 2302 780 2360 aliquibus
802 2305 859 2365 quin
882 2318 975 2364 graecus
994 2305 1089 2351 montes
1112 2305 1200 2366 dixit,
1220 2306 1269 2354 boe
1285 2304 1329 2363 est.

246 2372 391 2431 reporimus
403 2384 409 2416 ι
421 2369 497 2434 ευρίζῳ
509 2367 649 2428 apolinarem
657 2383 731 2420 neone
740 2385 780 2422 της
802 2389 842 2435 opo
850 2387 857 2433 3
866 2373 1048 2433 ridequomodo
1060 2374 1161 2421 servuli
1166 2375 1265 2423 Christi
1272 2386 1329 2422 mou-

253 2454 304 2499 qun
315 2439 380 2500 quod
395 2440 470 2487 latine
488 2438 609 2498 signifieat
620 2437 683 2483 bona
695 2437 778 2485 radioe
802 2444 839 2490 tes
849 2442 907 2490 sint.
916 2445 1004 2490 Montes
1016 2443 1152 2489 incircuitu
1163 2443 1233 2505 εἰμες
1246 2443 1273 2491 in
1285 2442 1329 2503 qui-

255 2509 419 2555 exsultatione
432 2507 554 2553 universae
572 2507 663 2552 terrae:
680 2516 779 2552 sensum
801 2511 847 2556 bus
853 2512 890 2558 est
896 2509 1002 2557 Ecclesia
1010 2509 1244 2570 bomini,quaeest
1254 2511 1328 2560 civius

253 2576 355 2635 quidem
366 2575 480 2622 eumdem
492 2574 659 2631 advertimus3
672 2573 730 2631 quin
741 2573 779 2619 di·
802 2580 874 2639 Regis
904 2577 993 2639 magni.
1020 2578 1098 2624 Simul
1128 2579 1193 2640 qnia
1221 2579 1329 2627 Dominus

255 2645 347 2692 vinain
356 2644 478 2690 uobisDei
486 2642 563 2689 Patris
572 2642 634 2688 dona
641 2641 777 2700 laudantur,
801 2648 935 2696 secundum
958 2648 1014 2693 coeli
1025 2647 1132 2694 tractum
1145 2649 1174 2696 in
1186 2645 1329 2698 venerario·

254 2714 297 2773 qui
323 2713 391 2760 dedit
414 2712 484 2759 nobis
507 2711 696 2758 exsultationem
714 2711 778 2758 bona
801 2730 885 2776 passus
903 2717 955 2774 est,
975 2716 1018 2776 qui
1039 2716 1093 2762 erat
1113 2717 1188 2766 loeus
1212 2719 1242 2766 in
1264 2720 1328 2766 latero

251 2780 777 2840 radicefundatam,Deumvidelicetlesum‚
801 2786 930 2845 aquilonis.
943 2785 980 2831 lbi
997 2784 1079 2832 autem
1091 2785 1120 2832 et
1132 2799 1209 2835 mons
1218 2788 1292 2848 Sion,
1301 2784 1328 2834 ill

253 2849 778 2908 rerametloeouudissimamvitern,dequa
802 2856 1019 2914 fliemsalemquae
1031 2855 1057 2900 iu
1074 2854 1160 2902 terris.

252 2921 402 2969 sacramenta
412 2920 508 2967 fluxere
520 2919 644 2976 eoeleslia3
656 2918 778 2976 inquibus
832 2925 854 2970 6.
862 2924 960 2970 Videre
969 2924 1231 2982 idquoquevideatur
1239 2937 1327 2988 expres·

253 2991 291 3039 est
300 2991 420 3050 perpetua
433 2989 458 3036 et
469 2987 587 3034 diuturna
602 2986 703 3045 laetitia,
714 2985 779 3044 quod
801 3005 869 3051 sum,
880 2993 939 3052 quia
950 2993 1104 3052 congregatio
1113 2994 1201 3052 plebis
1212 2997 1275 3054 Dei,
1285 3004 1328 3054 qm

252 3058 290 3107 his
300 3059 416 3106 abluatur
431 3069 502 3104 omne
517 3056 663 3116 peceatum,
678 3056 704 3101 et
721 3065 780 3099 con·
802 3061 854 3107 erat
873 3061 982 3120 aquiloni
1004 3059 1140 3117 conjuncta
1160 3075 1215 3122 per
1228 3065 1327 3124 culpan,

249 3122 779 3176 seientiaintemamundetur:elocutionem·

250 3210 300 3259 que
312 3196 444 3244 convenire
455 3193 636 3253 cognoscimus3
647 3190 705 3250 quia
713 3189 777 3236 bene
824 3199 865 3238 Per
880 3210 946 3240 annos
955 3201 1024 3239 ferme
1033 3202 1070 3239 noo
1079 3202 1101 3238 in
1112 3203 1162 3242 ioco
1176 3205 1330 3245 resurrection

250 3265 360 3313 radicata
389 3261 554 3311 exsultatione
582 3260 708 3315 laelamur,
735 3257 777 3316 qui
803 3248 860 3288 10⁸*ss
875 3253 975 3299 signum,
992 3254 1330 3302 inruperancraecrueisnnm

251 3333 401 3379 exsultamus
409 3328 546 3375 indliristo.
558 3325 646 3373 Soeouli
658 3325 725 3370 enim
735 3324 778 3369 lae·
803 3301 1330 3404 Klelqffileaffin{diffirgfflffiffffifflffi

250 3400 306 3447 titia
327 3398 468 3456 temporalis
490 3398 541 3452 est,
554 3395 674 3454 perpetua
694 3394 776 3440 alitem
802 3409 900 3447 locorum
919 3410 1030 3449 devotione
1047 3413 1195 3454 deterrerent.
1210 3410 1275 3456 Unde
1287 3426 1328 3456 eon·

250 3466 337 3516 1aetjtja
348 3465 401 3523 ejus
410 3465 452 3524 qui
461 3463 551 3523 gaudet
565 3463 592 3509 in
604 3461 716 3507 Domino,
802 3462 875 3509 licitur
881 3462 1026 3502 Venerarium
1033 3466 1059 3503 ab
1067 3466 1186 3507 Ambrosio
1192 3470 1240 3510 dici
1247 3474 1328 3510 menen

282 3536 305 3582 s.
319 3536 451 3582 noussen
474 3534 572 3581 laterna
588 3532 673 3579 unone
699 3534 778 3582 cone
801 3517 911 3556 cnvmae.
924 3519 980 3556 cum
994 3525 1066 3558 auem
1077 3521 1126 3560 ¹¹ae0
1142 3534 1186 3562 vox
1200 3524 1327 3564 remmon

457 3566 465 3591 '
573 3546 587 3592 q
677 3564 686 3589 '
800 3580 846 3608 mss.
854 3574 933 3609 trunca
947 3573 1040 3620 legatur,
1048 3578 1068 3612 el
1077 3575 1115 3612 ista
1123 3577 1259 3624 coniectura
1265 3585 1328 3627 paron

246 3605 311 3664 '²¹⁶ssss
328 3605 416 3662 mains·
436 3602 537 3680 Dema·
554 3599 665 3681 Qum
679 3601 728 3660 Ψ*
742 3604 778 3681 df·
799 3628 846 3662 luta
857 3625 904 3672 ipsis
914 3626 1055 3665 benedictinis
1068 3635 1184 3676 appareat,
1202 3633 1328 3681 nossnspifl·

251 3674 384 3731 qitoocetur,
405 3684 458 3717 eum
477 3672 660 3729 susceptricem.
682 3671 729 3717 Ciu
746 3672 777 3719 sit
800 3679 978 3727 murlegenoum
992 3681 1049 3719 forre
1068 3682 1268 3728 inmensorum.
1282 3682 1329 3734 quot

251 3737 384 3785 exsultatio
404 3738 525 3784 universae
540 3737 626 3794 terrae,
650 3737 777 3786 evidenter
800 3732 899 3775 *⁰¹bum·
911 3737 1147 3779 ”⁰⁰⁸0⁰¹¹⁵³⁰⁶⁴¹³⁰‘“¹'⁰·
1158 3739 1328 3779 mmm*

251 3805 386 3867 expressm
397 3806 511 3866 quoniam
523 3806 776 3854 DominuslesusEc-
799 3788 856 3825 toret
873 3787 964 3825 nominis
975 3789 1052 3836 syriaci
1067 3789 1185 3836 Golgolba.
1206 3793 1235 3831 lu
1254 3794 1328 3832 enim·

253 3875 353 3923 elesiarn
362 3875 409 3922 sibi
421 3888 453 3922 ex
464 3875 633 3934 peccatoribus
649 3888 776 3935 congrega·
798 3848 872 3938 1¹³3}ss
886 3835 1328 3957 wainnissgrfrgffirzgmeffi

252 3942 302 3992 ull.
315 3943 398 4003 ltaque
409 3942 451 4002 qui
467 3944 536 3990 erant
554 3945 612 3990 aitte
623 3943 698 3991 latera
707 3943 776 4002 oqui·
800 3956 867 4001 (espen
875 3957 897 3995 n·
907 3957 1020 3999 onerarere).
