<?xml version="1.0" encoding="UTF-8"?>
<!DOCTYPE html PUBLIC "-//W3C//DTD XHTML 1.0 Transitional//EN"
    "http://www.w3.org/TR/xhtml1/DTD/xhtml1-transitional.dtd">
<html xmlns="http://www.w3.org/1999/xhtml" xml:lang="en" lang="en">
 <head>
  <title>
</title>
<meta http-equiv="Content-Type" content="text/html;charset=utf-8" />
  <meta name='ocr-system' content='tesseract 3.04.00' />
  <meta name='ocr-capabilities' content='ocr_page ocr_carea ocr_par ocr_line ocrx_word'/>
</head>
<body>
  <div class='ocr_page' id='page_1' title='image "./operaomnia00ambrgoog_0198.png"; bbox 0 0 2760 4794; ppageno 0'>
   <div class='ocr_carea' id='block_1_1' title="bbox 352 322 1155 377">
    <p class='ocr_par' dir='ltr' id='par_1_1' title="bbox 352 322 1155 377">
     <span class='ocr_line' id='line_1_1' title="bbox 352 322 1155 377; baseline 0.007 -7"><span class='ocrx_word' id='word_1_1' title='bbox 352 322 557 376; x_wconf 68' lang='lat' dir='ltr'><strong>turstanum</strong></span> <span class='ocrx_word' id='word_1_2' title='bbox 572 326 668 372; x_wconf 76' lang='lat' dir='ltr'><strong>xuvll</strong></span> <span class='ocrx_word' id='word_1_3' title='bbox 681 327 884 374; x_wconf 78' lang='lat' dir='ltr'><strong>ENARRATIO.</strong></span> <span class='ocrx_word' id='word_1_4' title='bbox 946 330 948 334; x_wconf 56' lang='lat'><strong><em>⁴</em></strong></span> <span class='ocrx_word' id='word_1_5' title='bbox 1110 325 1155 377; x_wconf 72' lang='grc'><strong>196</strong></span> 
     </span>
    </p>
   </div>
   <div class='ocr_carea' id='block_1_2' title="bbox 10 391 1180 1694">
    <p class='ocr_par' dir='ltr' id='par_1_2' title="bbox 10 391 1180 1694">
     <span class='ocr_line' id='line_1_2' title="bbox 77 391 1155 467; baseline 0.007 -17"><span class='ocrx_word' id='word_1_6' title='bbox 77 391 148 452; x_wconf 68' lang='lat' dir='ltr'><strong>silens</strong></span> <span class='ocrx_word' id='word_1_7' title='bbox 159 402 236 465; x_wconf 81' lang='lat' dir='ltr'><strong>dixit,</strong></span> <span class='ocrx_word' id='word_1_8' title='bbox 246 414 300 465; x_wconf 78' lang='lat' dir='ltr'><strong>qnae</strong></span> <span class='ocrx_word' id='word_1_9' title='bbox 315 417 375 464; x_wconf 71' lang='lat' dir='ltr'><strong>vago</strong></span> <span class='ocrx_word' id='word_1_10' title='bbox 385 405 537 454; x_wconf 82' lang='lat' dir='ltr'><strong>diversarum</strong></span> <span class='ocrx_word' id='word_1_11' title='bbox 547 418 603 466; x_wconf 85' lang='lat' dir='ltr'><strong>pas·</strong></span> <span class='ocrx_word' id='word_1_12' title='bbox 659 407 696 455; x_wconf 74' lang='lat' dir='ltr'><strong>lo.</strong></span> <span class='ocrx_word' id='word_1_13' title='bbox 708 409 773 457; x_wconf 80' lang='lat' dir='ltr'><strong>Sicut</strong></span> <span class='ocrx_word' id='word_1_14' title='bbox 782 409 927 467; x_wconf 66' lang='lat' dir='ltr'><strong>nudistmm,</strong></span> <span class='ocrx_word' id='word_1_15' title='bbox 938 407 973 456; x_wconf 82' lang='lat' dir='ltr'><strong>its</strong></span> <span class='ocrx_word' id='word_1_16' title='bbox 984 407 1008 456; x_wconf 84' lang='lat' dir='ltr'><strong>ct</strong></span> <span class='ocrx_word' id='word_1_17' title='bbox 1022 409 1120 458; x_wconf 71' lang='lat' dir='ltr'><strong>vidimus</strong></span> <span class='ocrx_word' id='word_1_18' title='bbox 1127 412 1155 458; x_wconf 74' lang='lat' dir='ltr'><strong>ts</strong></span> 
     </span>
     <span class='ocr_line' id='line_1_3' title="bbox 79 473 1157 533; baseline 0.006 -15"><span class='ocrx_word' id='word_1_19' title='bbox 79 473 176 520; x_wconf 69' lang='lat' dir='ltr'><strong>monum</strong></span> <span class='ocrx_word' id='word_1_20' title='bbox 192 473 269 521; x_wconf 85' lang='lat' dir='ltr'><strong>fluctu</strong></span> <span class='ocrx_word' id='word_1_21' title='bbox 279 474 409 522; x_wconf 88' lang='lat' dir='ltr'><strong>moventur</strong></span> <span class='ocrx_word' id='word_1_22' title='bbox 421 487 428 520; x_wconf 75' lang='lat' dir='ltr'><strong>r</strong></span> <span class='ocrx_word' id='word_1_23' title='bbox 441 475 467 522; x_wconf 91' lang='lat' dir='ltr'><strong>et</strong></span> <span class='ocrx_word' id='word_1_24' title='bbox 477 475 525 522; x_wconf 92' lang='lat' dir='ltr'><strong>cito</strong></span> <span class='ocrx_word' id='word_1_25' title='bbox 536 487 603 521; x_wconf 89' lang='lat' dir='ltr'><strong>mer·</strong></span> <span class='ocrx_word' id='word_1_26' title='bbox 627 477 718 524; x_wconf 75' lang='lat' dir='ltr'><strong>civitate</strong></span> <span class='ocrx_word' id='word_1_27' title='bbox 727 477 824 524; x_wconf 82' lang='lat' dir='ltr'><strong>Domini</strong></span> <span class='ocrx_word' id='word_1_28' title='bbox 836 478 962 533; x_wconf 62' lang='lat' dir='ltr'><strong>certatum,</strong></span> <span class='ocrx_word' id='word_1_29' title='bbox 975 477 1001 524; x_wconf 82' lang='lat' dir='ltr'><strong>tn</strong></span> <span class='ocrx_word' id='word_1_30' title='bbox 1011 478 1101 525; x_wconf 75' lang='lat' dir='ltr'><strong>civitate</strong></span> <span class='ocrx_word' id='word_1_31' title='bbox 1111 478 1157 526; x_wconf 81' lang='lat' dir='ltr'><strong>Det</strong></span> 
     </span>
     <span class='ocr_line' id='line_1_4' title="bbox 78 541 1154 605; baseline 0.003 -17"><span class='ocrx_word' id='word_1_32' title='bbox 78 542 182 600; x_wconf 67' lang='lat' dir='ltr'><strong>cuntur,</strong></span> <span class='ocrx_word' id='word_1_33' title='bbox 203 542 250 588; x_wconf 93' lang='lat' dir='ltr'><strong>nisi</strong></span> <span class='ocrx_word' id='word_1_34' title='bbox 275 541 382 590; x_wconf 81' lang='lat' dir='ltr'>habeant</span> <span class='ocrx_word' id='word_1_35' title='bbox 407 543 602 602; x_wconf 73' lang='lat' dir='ltr'><strong>gabematorem.</strong></span> <span class='ocrx_word' id='word_1_36' title='bbox 627 545 702 592; x_wconf 80' lang='lat' dir='ltr'><strong>nostri</strong></span> <span class='ocrx_word' id='word_1_37' title='bbox 711 548 792 593; x_wconf 81' lang='lat' dir='ltr'><strong>:Dens</strong></span> <span class='ocrx_word' id='word_1_38' title='bbox 806 545 912 605; x_wconf 61' lang='lat' dir='ltr'><strong>mndasit</strong></span> <span class='ocrx_word' id='word_1_39' title='bbox 922 557 976 591; x_wconf 86' lang='lat' dir='ltr'><strong>cam</strong></span> <span class='ocrx_word' id='word_1_40' title='bbox 992 546 1018 592; x_wconf 82' lang='lat' dir='ltr'><strong>ia</strong></span> <span class='ocrx_word' id='word_1_41' title='bbox 1033 548 1154 593; x_wconf 72' lang='lat' dir='ltr'><strong>annuas.</strong></span> 
     </span>
     <span class='ocr_line' id='line_1_5' title="bbox 46 607 1155 671; baseline 0 -11"><span class='ocrx_word' id='word_1_42' title='bbox 46 649 54 660; x_wconf 88' lang='grc'><strong><em>,</em></strong></span> <span class='ocrx_word' id='word_1_43' title='bbox 78 607 148 656; x_wconf 86' lang='lat' dir='ltr'><strong>Unde</strong></span> <span class='ocrx_word' id='word_1_44' title='bbox 157 611 183 656; x_wconf 91' lang='lat' dir='ltr'><strong>et</strong></span> <span class='ocrx_word' id='word_1_45' title='bbox 192 610 251 656; x_wconf 86' lang='lat' dir='ltr'><strong>alibi</strong></span> <span class='ocrx_word' id='word_1_46' title='bbox 259 610 307 657; x_wconf 86' lang='lat' dir='ltr'><strong>ait:</strong></span> <span class='ocrx_word' id='word_1_47' title='bbox 315 612 361 671; x_wconf 83' lang='lat' dir='ltr'><strong>Qui</strong></span> <span class='ocrx_word' id='word_1_48' title='bbox 367 612 604 659; x_wconf 81' lang='lat' dir='ltr'><strong>descendantinmare</strong></span> <span class='ocrx_word' id='word_1_49' title='bbox 628 611 772 660; x_wconf 80' lang='lat' dir='ltr'><strong>Audivimus</strong></span> <span class='ocrx_word' id='word_1_50' title='bbox 783 614 853 661; x_wconf 82' lang='lat' dir='ltr'><strong>extra</strong></span> <span class='ocrx_word' id='word_1_51' title='bbox 863 611 1001 671; x_wconf 81' lang='lat' dir='ltr'><strong>civitatem,</strong></span> <span class='ocrx_word' id='word_1_52' title='bbox 1012 611 1120 660; x_wconf 79' lang='lat' dir='ltr'><strong>vidimus</strong></span> <span class='ocrx_word' id='word_1_53' title='bbox 1128 614 1155 660; x_wconf 87' lang='lat' dir='ltr'><strong>in</strong></span> 
     </span>
     <span class='ocr_line' id='line_1_6' title="bbox 77 672 1154 740; baseline 0.007 -21"><span class='ocrx_word' id='word_1_54' title='bbox 77 672 216 730; x_wconf 66' lang='lat' dir='ltr'><strong>mnasilus.</strong></span> <span class='ocrx_word' id='word_1_55' title='bbox 235 677 302 723; x_wconf 82' lang='lat' dir='ltr'><strong>Bene</strong></span> <span class='ocrx_word' id='word_1_56' title='bbox 313 676 397 723; x_wconf 83' lang='lat' dir='ltr'><strong>autem</strong></span> <span class='ocrx_word' id='word_1_57' title='bbox 414 677 542 736; x_wconf 69' lang='lat' dir='ltr'><strong>navigant,</strong></span> <span class='ocrx_word' id='word_1_58' title='bbox 560 677 603 737; x_wconf 86' lang='lat' dir='ltr'><strong>qui</strong></span> <span class='ocrx_word' id='word_1_59' title='bbox 628 679 745 740; x_wconf 86' lang='lat' dir='ltr'><strong>civitate,</strong></span> <span class='ocrx_word' id='word_1_60' title='bbox 756 681 797 729; x_wconf 90' lang='lat' dir='ltr'><strong>cui</strong></span> <span class='ocrx_word' id='word_1_61' title='bbox 804 683 871 728; x_wconf 86' lang='lat' dir='ltr'><strong>Deus</strong></span> <span class='ocrx_word' id='word_1_62' title='bbox 881 680 919 728; x_wconf 87' lang='lat' dir='ltr'><strong>est</strong></span> <span class='ocrx_word' id='word_1_63' title='bbox 929 682 1013 729; x_wconf 90' lang='lat' dir='ltr'><strong>lumen</strong></span> <span class='ocrx_word' id='word_1_64' title='bbox 1020 681 1154 738; x_wconf 70' lang='lat' dir='ltr'><strong>aeternum,</strong></span> 
     </span>
     <span class='ocr_line' id='line_1_7' title="bbox 76 738 1155 808; baseline 0.007 -20"><span class='ocrx_word' id='word_1_65' title='bbox 76 738 105 788; x_wconf 79' lang='lat' dir='ltr'><strong>tn</strong></span> <span class='ocrx_word' id='word_1_66' title='bbox 112 743 216 792; x_wconf 82' lang='lat' dir='ltr'><strong>naribus</strong></span> <span class='ocrx_word' id='word_1_67' title='bbox 223 743 312 791; x_wconf 88' lang='lat' dir='ltr'><strong>christi</strong></span> <span class='ocrx_word' id='word_1_68' title='bbox 318 756 416 790; x_wconf 89' lang='lat' dir='ltr'><strong>crucem</strong></span> <span class='ocrx_word' id='word_1_69' title='bbox 424 744 487 793; x_wconf 89' lang='lat' dir='ltr'><strong>sicut</strong></span> <span class='ocrx_word' id='word_1_70' title='bbox 492 745 603 791; x_wconf 85' lang='lat' dir='ltr'><strong>arborem</strong></span> <span class='ocrx_word' id='word_1_71' title='bbox 628 747 705 807; x_wconf 77' lang='lat' dir='ltr'><strong>fulget</strong></span> <span class='ocrx_word' id='word_1_72' title='bbox 713 749 766 797; x_wconf 85' lang='lat' dir='ltr'><strong>dies</strong></span> <span class='ocrx_word' id='word_1_73' title='bbox 777 750 829 797; x_wconf 87' lang='lat' dir='ltr'><strong>sine</strong></span> <span class='ocrx_word' id='word_1_74' title='bbox 839 751 889 798; x_wconf 89' lang='lat' dir='ltr'><strong>sole</strong></span> <span class='ocrx_word' id='word_1_75' title='bbox 897 749 1030 808; x_wconf 90' lang='lat' dir='ltr'><strong>mundano,</strong></span> <span class='ocrx_word' id='word_1_76' title='bbox 1039 750 1098 796; x_wconf 90' lang='lat' dir='ltr'><strong>luna</strong></span> <span class='ocrx_word' id='word_1_77' title='bbox 1105 760 1155 796; x_wconf 89' lang='lat' dir='ltr'><strong>non</strong></span> 
     </span>
     <span class='ocr_line' id='line_1_8' title="bbox 74 809 1156 876; baseline 0.008 -21"><span class='ocrx_word' id='word_1_78' title='bbox 74 809 222 871; x_wconf 82' lang='lat' dir='ltr'><strong>praeierunt,</strong></span> <span class='ocrx_word' id='word_1_79' title='bbox 234 814 307 872; x_wconf 79' lang='lat' dir='ltr'><strong>atquc</strong></span> <span class='ocrx_word' id='word_1_80' title='bbox 320 812 379 859; x_wconf 91' lang='lat' dir='ltr'><strong>inde</strong></span> <span class='ocrx_word' id='word_1_81' title='bbox 390 815 519 873; x_wconf 80' lang='lat' dir='ltr'><strong>explorant</strong></span> <span class='ocrx_word' id='word_1_82' title='bbox 528 813 603 861; x_wconf 84' lang='lat' dir='ltr'><strong>flabra</strong></span> <span class='ocrx_word' id='word_1_83' title='bbox 627 817 746 874; x_wconf 73' lang='lat' dir='ltr'><strong>quaritur</strong></span> <span class='ocrx_word' id='word_1_84' title='bbox 756 829 763 863; x_wconf 75' lang='lat' dir='ltr'><strong>s</strong></span> <span class='ocrx_word' id='word_1_85' title='bbox 774 816 962 865; x_wconf 83' lang='lat' dir='ltr'><strong>fundamentum</strong></span> <span class='ocrx_word' id='word_1_86' title='bbox 972 816 1026 876; x_wconf 81' lang='lat' dir='ltr'><strong>eius</strong></span> <span class='ocrx_word' id='word_1_87' title='bbox 1031 810 1082 864; x_wconf 84' lang='lat' dir='ltr'><strong>non</strong></span> <span class='ocrx_word' id='word_1_88' title='bbox 1092 816 1156 865; x_wconf 85' lang='lat' dir='ltr'><strong>tem-</strong></span> 
     </span>
     <span class='ocr_line' id='line_1_9' title="bbox 77 879 961 943; baseline 0.009 -17"><span class='ocrx_word' id='word_1_89' title='bbox 77 879 218 938; x_wconf 83' lang='lat' dir='ltr'><strong>ventorum3</strong></span> <span class='ocrx_word' id='word_1_90' title='bbox 235 881 265 928; x_wconf 89' lang='lat' dir='ltr'><strong>ut</strong></span> <span class='ocrx_word' id='word_1_91' title='bbox 284 892 385 938; x_wconf 86' lang='lat' dir='ltr'><strong>corpora</strong></span> <span class='ocrx_word' id='word_1_92' title='bbox 396 892 439 928; x_wconf 91' lang='lat' dir='ltr'><strong>sua</strong></span> <span class='ocrx_word' id='word_1_93' title='bbox 458 881 563 940; x_wconf 72' lang='lat' dir='ltr'><strong>dirigant</strong></span> <span class='ocrx_word' id='word_1_94' title='bbox 573 882 603 928; x_wconf 93' lang='lat' dir='ltr'><strong>ad</strong></span> <span class='ocrx_word' id='word_1_95' title='bbox 627 885 725 943; x_wconf 83' lang='lat' dir='ltr'><strong>porale,</strong></span> <span class='ocrx_word' id='word_1_96' title='bbox 737 885 961 934; x_wconf 85' lang='lat' dir='ltr'><strong>sedaetemumest.</strong></span> 
     </span>
     <span class='ocr_line' id='line_1_10' title="bbox 10 948 1155 1023; baseline 0.007 -30"><span class='ocrx_word' id='word_1_97' title='bbox 10 1008 14 1023; x_wconf 40' lang='grc' dir='ltr'>Ι</span> <span class='ocrx_word' id='word_1_98' title='bbox 74 948 152 995; x_wconf 88' lang='lat' dir='ltr'><strong>sancti</strong></span> <span class='ocrx_word' id='word_1_99' title='bbox 163 949 268 1009; x_wconf 88' lang='lat' dir='ltr'><strong>Spiritus</strong></span> <span class='ocrx_word' id='word_1_100' title='bbox 277 950 389 1009; x_wconf 79' lang='lat' dir='ltr'><strong>gratiam,</strong></span> <span class='ocrx_word' id='word_1_101' title='bbox 396 950 422 996; x_wconf 93' lang='lat' dir='ltr'><strong>in</strong></span> <span class='ocrx_word' id='word_1_102' title='bbox 431 950 497 1009; x_wconf 78' lang='lat' dir='ltr'><strong>ligno</strong></span> <span class='ocrx_word' id='word_1_103' title='bbox 505 951 601 998; x_wconf 88' lang='lat' dir='ltr'><strong>Domini</strong></span> <span class='ocrx_word' id='word_1_104' title='bbox 657 953 696 999; x_wconf 71' lang='lat'><strong>{6-</strong></span> <span class='ocrx_word' id='word_1_105' title='bbox 707 956 865 1015; x_wconf 78' lang='lat' dir='ltr'><strong>Susccpimus,</strong></span> <span class='ocrx_word' id='word_1_106' title='bbox 876 954 973 1015; x_wconf 83' lang='lat' dir='ltr'><strong>inquit,</strong></span> <span class='ocrx_word' id='word_1_107' title='bbox 992 959 1056 1003; x_wconf 77' lang='lat' dir='ltr'><strong>Deus</strong></span> <span class='ocrx_word' id='word_1_108' title='bbox 1065 955 1155 1003; x_wconf 76' lang='lat' dir='ltr'><strong>miscri-</strong></span> 
     </span>
     <span class='ocr_line' id='line_1_11' title="bbox 75 1015 1179 1083; baseline 0.005 -20"><span class='ocrx_word' id='word_1_109' title='bbox 75 1015 125 1066; x_wconf 88' lang='lat' dir='ltr'><strong>tuti</strong></span> <span class='ocrx_word' id='word_1_110' title='bbox 135 1018 208 1077; x_wconf 86' lang='lat' dir='ltr'><strong>atque</strong></span> <span class='ocrx_word' id='word_1_111' title='bbox 216 1019 313 1066; x_wconf 78' lang='lat' dir='ltr'><strong>securi:</strong></span> <span class='ocrx_word' id='word_1_112' title='bbox 322 1031 369 1067; x_wconf 92' lang='lat' dir='ltr'><strong>nec</strong></span> <span class='ocrx_word' id='word_1_113' title='bbox 376 1020 523 1078; x_wconf 87' lang='lat' dir='ltr'><strong>permittunt</strong></span> <span class='ocrx_word' id='word_1_114' title='bbox 528 1031 603 1068; x_wconf 89' lang='lat' dir='ltr'><strong>nares</strong></span> <span class='ocrx_word' id='word_1_115' title='bbox 626 1023 730 1069; x_wconf 79' lang='lat' dir='ltr'><strong>cordiam</strong></span> <span class='ocrx_word' id='word_1_116' title='bbox 740 1025 806 1070; x_wconf 80' lang='lat' dir='ltr'><strong>tuom</strong></span> <span class='ocrx_word' id='word_1_117' title='bbox 820 1026 846 1071; x_wconf 80' lang='lat' dir='ltr'><strong>in</strong></span> <span class='ocrx_word' id='word_1_118' title='bbox 855 1024 929 1070; x_wconf 80' lang='lat' dir='ltr'><strong>medio</strong></span> <span class='ocrx_word' id='word_1_119' title='bbox 939 1024 1017 1083; x_wconf 80' lang='lat' dir='ltr'><strong>templi</strong></span> <span class='ocrx_word' id='word_1_120' title='bbox 1032 1025 1073 1071; x_wconf 79' lang='lat' dir='ltr'><strong>lai.</strong></span> <span class='ocrx_word' id='word_1_121' title='bbox 1084 1023 1109 1070; x_wconf 90' lang='lat' dir='ltr'><strong>Si</strong></span> <span class='ocrx_word' id='word_1_122' title='bbox 1120 1021 1154 1069; x_wconf 88' lang='lat' dir='ltr'><strong>ad</strong></span> <span class='ocrx_word' id='word_1_123' title='bbox 1175 1054 1179 1059; x_wconf 83' lang='lat'>-</span> 
     </span>
     <span class='ocr_line' id='line_1_12' title="bbox 72 1087 1180 1156; baseline 0.005 -22"><span class='ocrx_word' id='word_1_124' title='bbox 72 1097 131 1134; x_wconf 83' lang='lat' dir='ltr'><strong>enas</strong></span> <span class='ocrx_word' id='word_1_125' title='bbox 145 1099 206 1147; x_wconf 75' lang='lat' dir='ltr'><strong>vago</strong></span> <span class='ocrx_word' id='word_1_126' title='bbox 220 1087 299 1134; x_wconf 86' lang='lat' dir='ltr'><strong>llnctu</strong></span> <span class='ocrx_word' id='word_1_127' title='bbox 308 1101 390 1135; x_wconf 86' lang='lat' dir='ltr'><strong>errare</strong></span> <span class='ocrx_word' id='word_1_128' title='bbox 401 1102 446 1148; x_wconf 88' lang='lat' dir='ltr'><strong>per</strong></span> <span class='ocrx_word' id='word_1_129' title='bbox 460 1089 549 1148; x_wconf 88' lang='lat' dir='ltr'><strong>maria,</strong></span> <span class='ocrx_word' id='word_1_130' title='bbox 560 1090 603 1137; x_wconf 89' lang='lat' dir='ltr'><strong>sed</strong></span> <span class='ocrx_word' id='word_1_131' title='bbox 627 1088 718 1135; x_wconf 80' lang='lat' dir='ltr'><strong>Filium</strong></span> <span class='ocrx_word' id='word_1_132' title='bbox 725 1090 771 1137; x_wconf 88' lang='lat' dir='ltr'><strong>Dei</strong></span> <span class='ocrx_word' id='word_1_133' title='bbox 782 1090 886 1149; x_wconf 89' lang='lat' dir='ltr'><strong>dicitur,</strong></span> <span class='ocrx_word' id='word_1_134' title='bbox 896 1091 1017 1149; x_wconf 89' lang='lat' dir='ltr'><strong>templum</strong></span> <span class='ocrx_word' id='word_1_135' title='bbox 1028 1091 1062 1138; x_wconf 89' lang='lat' dir='ltr'><strong>ita</strong></span> <span class='ocrx_word' id='word_1_136' title='bbox 1079 1089 1155 1139; x_wconf 87' lang='lat' dir='ltr'><strong>intel·</strong></span> <span class='ocrx_word' id='word_1_137' title='bbox 1168 1138 1180 1156; x_wconf 30' lang='lat' dir='ltr'>x</span> 
     </span>
     <span class='ocr_line' id='line_1_13' title="bbox 35 1156 1155 1218; baseline 0.003 -16"><span class='ocrx_word' id='word_1_138' title='bbox 35 1190 38 1195; x_wconf 89' lang='lat'>.</span> <span class='ocrx_word' id='word_1_139' title='bbox 72 1156 107 1203; x_wconf 85' lang='lat' dir='ltr'><strong>ad</strong></span> <span class='ocrx_word' id='word_1_140' title='bbox 116 1158 213 1216; x_wconf 88' lang='lat' dir='ltr'><strong>portum</strong></span> <span class='ocrx_word' id='word_1_141' title='bbox 226 1157 327 1218; x_wconf 89' lang='lat' dir='ltr'><strong>salutis,</strong></span> <span class='ocrx_word' id='word_1_142' title='bbox 341 1158 367 1205; x_wconf 87' lang='lat' dir='ltr'><strong>et</strong></span> <span class='ocrx_word' id='word_1_143' title='bbox 377 1158 408 1205; x_wconf 88' lang='lat' dir='ltr'><strong>ad</strong></span> <span class='ocrx_word' id='word_1_144' title='bbox 419 1159 603 1207; x_wconf 85' lang='lat' dir='ltr'><strong>consummatio·</strong></span> <span class='ocrx_word' id='word_1_145' title='bbox 627 1156 735 1216; x_wconf 74' lang='lat' dir='ltr'><strong>ligimus,</strong></span> <span class='ocrx_word' id='word_1_146' title='bbox 744 1158 879 1205; x_wconf 90' lang='lat' dir='ltr'><strong>secundum</strong></span> <span class='ocrx_word' id='word_1_147' title='bbox 885 1158 1155 1218; x_wconf 80' lang='lat' dir='ltr'><strong>quodipsedecorporc</strong></span> 
     </span>
     <span class='ocr_line' id='line_1_14' title="bbox 73 1223 1156 1286; baseline 0.001 -16"><span class='ocrx_word' id='word_1_148' title='bbox 73 1234 134 1270; x_wconf 89' lang='lat' dir='ltr'><strong>nem</strong></span> <span class='ocrx_word' id='word_1_149' title='bbox 145 1224 229 1283; x_wconf 75' lang='lat' dir='ltr'><strong>gratias</strong></span> <span class='ocrx_word' id='word_1_150' title='bbox 247 1237 332 1271; x_wconf 88' lang='lat' dir='ltr'><strong>cursus</strong></span> <span class='ocrx_word' id='word_1_151' title='bbox 343 1223 382 1271; x_wconf 88' lang='lat' dir='ltr'><strong>sui</strong></span> <span class='ocrx_word' id='word_1_152' title='bbox 400 1223 535 1271; x_wconf 85' lang='lat' dir='ltr'><strong>directione</strong></span> <span class='ocrx_word' id='word_1_153' title='bbox 546 1237 604 1272; x_wconf 91' lang='lat' dir='ltr'><strong>con·</strong></span> <span class='ocrx_word' id='word_1_154' title='bbox 627 1236 672 1271; x_wconf 86' lang='lat' dir='ltr'><strong>suc</strong></span> <span class='ocrx_word' id='word_1_155' title='bbox 682 1224 761 1273; x_wconf 75' lang='lat' dir='ltr'><strong>dixita</strong></span> <span class='ocrx_word' id='word_1_156' title='bbox 771 1228 854 1274; x_wconf 73' lang='lat' dir='ltr'><strong>Solvite</strong></span> <span class='ocrx_word' id='word_1_157' title='bbox 864 1225 1064 1286; x_wconf 63' lang='lat' dir='ltr'><strong>complanasset</strong></span> <span class='ocrx_word' id='word_1_158' title='bbox 1076 1227 1101 1271; x_wconf 81' lang='lat' dir='ltr'><strong>in</strong></span> <span class='ocrx_word' id='word_1_159' title='bbox 1111 1227 1156 1271; x_wconf 85' lang='lat' dir='ltr'><strong>tri-</strong></span> 
     </span>
     <span class='ocr_line' id='line_1_15' title="bbox 44 1289 1156 1352; baseline 0.001 -16"><span class='ocrx_word' id='word_1_160' title='bbox 44 1302 57 1316; x_wconf 54' lang='lat'><em>*</em></span> <span class='ocrx_word' id='word_1_161' title='bbox 74 1289 195 1350; x_wconf 84' lang='lat' dir='ltr'><strong>tendunt3</strong></span> <span class='ocrx_word' id='word_1_162' title='bbox 203 1291 232 1338; x_wconf 89' lang='lat' dir='ltr'><strong>ut</strong></span> <span class='ocrx_word' id='word_1_163' title='bbox 239 1291 287 1338; x_wconf 88' lang='lat' dir='ltr'><strong>lida</strong></span> <span class='ocrx_word' id='word_1_164' title='bbox 297 1291 401 1339; x_wconf 87' lang='lat' dir='ltr'><strong>statione</strong></span> <span class='ocrx_word' id='word_1_165' title='bbox 408 1291 548 1351; x_wconf 81' lang='lat' dir='ltr'><strong>potientur,</strong></span> <span class='ocrx_word' id='word_1_166' title='bbox 556 1306 603 1352; x_wconf 87' lang='lat' dir='ltr'><strong>quo</strong></span> <span class='ocrx_word' id='word_1_167' title='bbox 628 1293 673 1338; x_wconf 81' lang='lat' dir='ltr'><strong>duo</strong></span> <span class='ocrx_word' id='word_1_168' title='bbox 680 1294 819 1342; x_wconf 70' lang='lat' dir='ltr'><strong>resuscitabo</strong></span> <span class='ocrx_word' id='word_1_169' title='bbox 830 1295 895 1342; x_wconf 79' lang='lat' dir='ltr'><strong>illud.</strong></span> <span class='ocrx_word' id='word_1_170' title='bbox 901 1295 966 1340; x_wconf 86' lang='lat' dir='ltr'><strong>Vere</strong></span> <span class='ocrx_word' id='word_1_171' title='bbox 977 1293 1097 1352; x_wconf 86' lang='lat' dir='ltr'><strong>templum</strong></span> <span class='ocrx_word' id='word_1_172' title='bbox 1107 1290 1156 1338; x_wconf 88' lang='lat' dir='ltr'><strong>Del</strong></span> 
     </span>
     <span class='ocr_line' id='line_1_16' title="bbox 74 1357 1156 1421; baseline 0.002 -17"><span class='ocrx_word' id='word_1_173' title='bbox 74 1357 201 1406; x_wconf 84' lang='lat' dir='ltr'><strong>dissolutas</strong></span> <span class='ocrx_word' id='word_1_174' title='bbox 220 1371 306 1406; x_wconf 88' lang='lat' dir='ltr'><strong>cursus</strong></span> <span class='ocrx_word' id='word_1_175' title='bbox 316 1372 373 1406; x_wconf 89' lang='lat' dir='ltr'><strong>suos</strong></span> <span class='ocrx_word' id='word_1_176' title='bbox 382 1359 477 1418; x_wconf 84' lang='lat' dir='ltr'><strong>possint</strong></span> <span class='ocrx_word' id='word_1_177' title='bbox 488 1361 514 1406; x_wconf 91' lang='lat' dir='ltr'><strong>in</strong></span> <span class='ocrx_word' id='word_1_178' title='bbox 523 1372 604 1408; x_wconf 88' lang='lat' dir='ltr'><strong>resur·</strong></span> <span class='ocrx_word' id='word_1_179' title='bbox 629 1370 716 1419; x_wconf 89' lang='lat' dir='ltr'><strong>corpus</strong></span> <span class='ocrx_word' id='word_1_180' title='bbox 724 1361 761 1407; x_wconf 88' lang='lat' dir='ltr'><strong>est</strong></span> <span class='ocrx_word' id='word_1_181' title='bbox 767 1360 865 1419; x_wconf 83' lang='lat' dir='ltr'><strong>Christi,</strong></span> <span class='ocrx_word' id='word_1_182' title='bbox 879 1361 906 1408; x_wconf 92' lang='lat' dir='ltr'><strong>in</strong></span> <span class='ocrx_word' id='word_1_183' title='bbox 916 1361 1156 1421; x_wconf 75' lang='lat' dir='ltr'><strong>quo-estnostrorun</strong></span> 
     </span>
     <span class='ocr_line' id='line_1_17' title="bbox 31 1426 1156 1488; baseline 0.004 -17"><span class='ocrx_word' id='word_1_184' title='bbox 31 1466 34 1471; x_wconf 87' lang='lat'>.</span> <span class='ocrx_word' id='word_1_185' title='bbox 73 1427 186 1474; x_wconf 88' lang='lat' dir='ltr'><strong>rectione</strong></span> <span class='ocrx_word' id='word_1_186' title='bbox 205 1439 332 1488; x_wconf 87' lang='lat' dir='ltr'><strong>reparare,</strong></span> <span class='ocrx_word' id='word_1_187' title='bbox 348 1428 392 1475; x_wconf 87' lang='lat' dir='ltr'><strong>ubi</strong></span> <span class='ocrx_word' id='word_1_188' title='bbox 406 1426 559 1488; x_wconf 76' lang='lat' dir='ltr'><strong>naufraqum</strong></span> <span class='ocrx_word' id='word_1_189' title='bbox 569 1428 603 1476; x_wconf 79' lang='lat' dir='ltr'><strong>ti—</strong></span> <span class='ocrx_word' id='word_1_190' title='bbox 628 1427 764 1484; x_wconf 84' lang='lat' dir='ltr'><strong>purificatio</strong></span> <span class='ocrx_word' id='word_1_191' title='bbox 778 1430 942 1487; x_wconf 89' lang='lat' dir='ltr'><strong>peccatorum.</strong></span> <span class='ocrx_word' id='word_1_192' title='bbox 953 1431 1017 1476; x_wconf 85' lang='lat' dir='ltr'><strong>Vere</strong></span> <span class='ocrx_word' id='word_1_193' title='bbox 1035 1429 1156 1487; x_wconf 88' lang='lat' dir='ltr'><strong>templum</strong></span> 
     </span>
     <span class='ocr_line' id='line_1_18' title="bbox 32 1493 1155 1555; baseline -0.001 -14"><span class='ocrx_word' id='word_1_194' title='bbox 32 1542 36 1547; x_wconf 82' lang='grc'><strong>,</strong></span> <span class='ocrx_word' id='word_1_195' title='bbox 74 1503 203 1543; x_wconf 87' lang='lat' dir='ltr'><strong>merenon</strong></span> <span class='ocrx_word' id='word_1_196' title='bbox 218 1495 318 1554; x_wconf 77' lang='lat' dir='ltr'><strong>possint.</strong></span> <span class='ocrx_word' id='word_1_197' title='bbox 627 1493 675 1541; x_wconf 86' lang='lat' dir='ltr'><strong>Dei</strong></span> <span class='ocrx_word' id='word_1_198' title='bbox 691 1507 747 1542; x_wconf 86' lang='lat' dir='ltr'><strong>caro</strong></span> <span class='ocrx_word' id='word_1_199' title='bbox 764 1496 821 1555; x_wconf 85' lang='lat' dir='ltr'><strong>illa,</strong></span> <span class='ocrx_word' id='word_1_200' title='bbox 843 1497 869 1542; x_wconf 91' lang='lat' dir='ltr'><strong>in</strong></span> <span class='ocrx_word' id='word_1_201' title='bbox 884 1508 933 1555; x_wconf 84' lang='lat' dir='ltr'><strong>qua</strong></span> <span class='ocrx_word' id='word_1_202' title='bbox 947 1496 1042 1542; x_wconf 88' lang='lat' dir='ltr'><strong>nullum</strong></span> <span class='ocrx_word' id='word_1_203' title='bbox 1059 1493 1155 1554; x_wconf 87' lang='lat' dir='ltr'><strong>peccati</strong></span> 
     </span>
     <span class='ocr_line' id='line_1_19' title="bbox 104 1560 1155 1629; baseline 0.002 -22"><span class='ocrx_word' id='word_1_204' title='bbox 104 1560 144 1608; x_wconf 76' lang='lat' dir='ltr'><strong>lt.</strong></span> <span class='ocrx_word' id='word_1_205' title='bbox 165 1562 196 1609; x_wconf 82' lang='lat' dir='ltr'><strong>Et</strong></span> <span class='ocrx_word' id='word_1_206' title='bbox 210 1574 257 1610; x_wconf 87' lang='lat' dir='ltr'><strong>nos</strong></span> <span class='ocrx_word' id='word_1_207' title='bbox 272 1562 347 1622; x_wconf 68' lang='lat' dir='ltr'><strong>igitur</strong></span> <span class='ocrx_word' id='word_1_208' title='bbox 369 1563 602 1624; x_wconf 78' lang='lat' dir='ltr'><strong>circumspectemus</strong></span> <span class='ocrx_word' id='word_1_209' title='bbox 627 1562 708 1619; x_wconf 91' lang='lat' dir='ltr'><strong>potuit</strong></span> <span class='ocrx_word' id='word_1_210' title='bbox 718 1576 771 1612; x_wconf 86' lang='lat' dir='ltr'><strong>esse</strong></span> <span class='ocrx_word' id='word_1_211' title='bbox 781 1563 932 1624; x_wconf 69' lang='lat' dir='ltr'><strong>contagium</strong></span> <span class='ocrx_word' id='word_1_212' title='bbox 943 1563 1044 1629; x_wconf 83' lang='lat' dir='ltr'><strong>sedpro</strong></span> <span class='ocrx_word' id='word_1_213' title='bbox 1063 1562 1155 1610; x_wconf 88' lang='lat' dir='ltr'><strong>delicto</strong></span> 
     </span>
     <span class='ocr_line' id='line_1_20' title="bbox 72 1627 1154 1694; baseline 0.002 -18"><span class='ocrx_word' id='word_1_214' title='bbox 72 1627 138 1676; x_wconf 79' lang='lat' dir='ltr'><strong>hanc</strong></span> <span class='ocrx_word' id='word_1_215' title='bbox 151 1628 266 1689; x_wconf 73' lang='lat' dir='ltr'><strong>gratiam,</strong></span> <span class='ocrx_word' id='word_1_216' title='bbox 275 1631 440 1690; x_wconf 75' lang='lat' dir='ltr'><strong>speculatores</strong></span> <span class='ocrx_word' id='word_1_217' title='bbox 451 1632 505 1689; x_wconf 86' lang='lat' dir='ltr'><strong>ejus</strong></span> <span class='ocrx_word' id='word_1_218' title='bbox 515 1633 601 1694; x_wconf 87' lang='lat' dir='ltr'><strong>simus,</strong></span> <span class='ocrx_word' id='word_1_219' title='bbox 626 1630 711 1677; x_wconf 88' lang='lat' dir='ltr'><strong>mundi</strong></span> <span class='ocrx_word' id='word_1_220' title='bbox 721 1631 797 1680; x_wconf 89' lang='lat' dir='ltr'><strong>totius</strong></span> <span class='ocrx_word' id='word_1_221' title='bbox 808 1631 856 1680; x_wconf 84' lang='lat' dir='ltr'><strong>fnit</strong></span> <span class='ocrx_word' id='word_1_222' title='bbox 866 1632 919 1692; x_wconf 87' lang='lat' dir='ltr'><strong>ipsa</strong></span> <span class='ocrx_word' id='word_1_223' title='bbox 928 1630 1082 1678; x_wconf 81' lang='lat' dir='ltr'><strong>sacrificium.</strong></span> <span class='ocrx_word' id='word_1_224' title='bbox 1089 1631 1154 1678; x_wconf 88' lang='lat' dir='ltr'><strong>Vero</strong></span> 
     </span>
    </p>
   </div>
   <div class='ocr_carea' id='block_1_3' title="bbox 74 1693 1251 1759">
    <p class='ocr_par' dir='ltr' id='par_1_3' title="bbox 74 1693 1251 1759">
     <span class='ocr_line' id='line_1_21' title="bbox 74 1693 1251 1759; baseline 0 -13"><span class='ocrx_word' id='word_1_225' title='bbox 74 1699 405 1758; x_wconf 64' lang='lat' dir='ltr'><strong>exploremuseamcutdant</strong></span> <span class='ocrx_word' id='word_1_226' title='bbox 413 1711 512 1759; x_wconf 88' lang='lat' dir='ltr'><strong>corpora</strong></span> <span class='ocrx_word' id='word_1_227' title='bbox 520 1701 601 1750; x_wconf 84' lang='lat' dir='ltr'><strong>nostra</strong></span> <span class='ocrx_word' id='word_1_228' title='bbox 626 1698 747 1757; x_wconf 83' lang='lat' dir='ltr'><strong>templum</strong></span> <span class='ocrx_word' id='word_1_229' title='bbox 756 1700 802 1747; x_wconf 89' lang='lat' dir='ltr'><strong>Dei</strong></span> <span class='ocrx_word' id='word_1_230' title='bbox 810 1700 1009 1759; x_wconf 86' lang='lat' dir='ltr'><strong>caroilla,inqua</strong></span> <span class='ocrx_word' id='word_1_231' title='bbox 1018 1699 1064 1746; x_wconf 84' lang='lat' dir='ltr'><strong>Dei</strong></span> <span class='ocrx_word' id='word_1_232' title='bbox 1074 1699 1155 1758; x_wconf 75' lang='lat' dir='ltr'><strong>imago</strong></span> <span class='ocrx_word' id='word_1_233' title='bbox 1250 1693 1251 1696; x_wconf 69' lang='grc'>’</span> 
     </span>
    </p>
   </div>
   <div class='ocr_carea' id='block_1_4' title="bbox 10 1764 1200 3395">
    <p class='ocr_par' dir='ltr' id='par_1_4' title="bbox 72 1764 1174 2443">
     <span class='ocr_line' id='line_1_22' title="bbox 72 1764 1155 1828; baseline -0.001 -15"><span class='ocrx_word' id='word_1_234' title='bbox 72 1777 150 1814; x_wconf 84' lang='lat' dir='ltr'><strong>nares</strong></span> <span class='ocrx_word' id='word_1_235' title='bbox 160 1765 268 1813; x_wconf 80' lang='lat' dir='ltr'><strong>l&#39;lrarsis.</strong></span> <span class='ocrx_word' id='word_1_236' title='bbox 286 1767 353 1813; x_wconf 79' lang='lat' dir='ltr'><strong>Tunc</strong></span> <span class='ocrx_word' id='word_1_237' title='bbox 364 1767 432 1813; x_wconf 90' lang='lat' dir='ltr'><strong>enim</strong></span> <span class='ocrx_word' id='word_1_238' title='bbox 443 1780 498 1815; x_wconf 91' lang='lat' dir='ltr'><strong>caro</strong></span> <span class='ocrx_word' id='word_1_239' title='bbox 509 1768 540 1815; x_wconf 91' lang='lat' dir='ltr'><strong>ad</strong></span> <span class='ocrx_word' id='word_1_240' title='bbox 549 1781 601 1815; x_wconf 91' lang='lat' dir='ltr'><strong>ser·</strong></span> <span class='ocrx_word' id='word_1_241' title='bbox 625 1764 747 1825; x_wconf 79' lang='lat' dir='ltr'><strong>fulgebat,</strong></span> <span class='ocrx_word' id='word_1_242' title='bbox 764 1768 789 1815; x_wconf 90' lang='lat' dir='ltr'><strong>et</strong></span> <span class='ocrx_word' id='word_1_243' title='bbox 801 1768 959 1828; x_wconf 82' lang='lat' dir='ltr'><strong>corporaliter</strong></span> <span class='ocrx_word' id='word_1_244' title='bbox 976 1766 1155 1827; x_wconf 88' lang='lat' dir='ltr'><strong>plenitudodi-</strong></span> 
     </span>
     <span class='ocr_line' id='line_1_23' title="bbox 74 1833 1155 1896; baseline -0.001 -15"><span class='ocrx_word' id='word_1_245' title='bbox 74 1833 179 1881; x_wconf 69' lang='lat' dir='ltr'><strong>vitutem</strong></span> <span class='ocrx_word' id='word_1_246' title='bbox 190 1833 326 1893; x_wconf 75' lang='lat' dir='ltr'><strong>redigitur,</strong></span> <span class='ocrx_word' id='word_1_247' title='bbox 341 1846 398 1881; x_wconf 91' lang='lat' dir='ltr'><strong>cum</strong></span> <span class='ocrx_word' id='word_1_248' title='bbox 415 1835 506 1882; x_wconf 73' lang='lat' dir='ltr'><strong>adlici</strong></span> <span class='ocrx_word' id='word_1_249' title='bbox 521 1837 601 1886; x_wconf 88' lang='lat' dir='ltr'><strong>inten·</strong></span> <span class='ocrx_word' id='word_1_250' title='bbox 625 1833 735 1882; x_wconf 78' lang='lat' dir='ltr'><strong>vinitatis</strong></span> <span class='ocrx_word' id='word_1_251' title='bbox 741 1834 1002 1896; x_wconf 83' lang='lat' dir='ltr'><strong>hahitabai3quonlam</strong></span> <span class='ocrx_word' id='word_1_252' title='bbox 1010 1835 1063 1894; x_wconf 90' lang='lat' dir='ltr'><strong>ipse</strong></span> <span class='ocrx_word' id='word_1_253' title='bbox 1074 1834 1155 1880; x_wconf 83' lang='lat' dir='ltr'><strong>chris·</strong></span> 
     </span>
     <span class='ocr_line' id='line_1_24' title="bbox 73 1899 1155 1962; baseline 0 -13"><span class='ocrx_word' id='word_1_254' title='bbox 73 1901 155 1949; x_wconf 89' lang='lat' dir='ltr'><strong>dimus</strong></span> <span class='ocrx_word' id='word_1_255' title='bbox 164 1903 280 1961; x_wconf 77' lang='lat' dir='ltr'><strong>gratiam3</strong></span> <span class='ocrx_word' id='word_1_256' title='bbox 291 1901 320 1949; x_wconf 92' lang='lat' dir='ltr'><strong>ut</strong></span> <span class='ocrx_word' id='word_1_257' title='bbox 335 1902 362 1949; x_wconf 94' lang='lat' dir='ltr'><strong>id</strong></span> <span class='ocrx_word' id='word_1_258' title='bbox 371 1903 437 1962; x_wconf 85' lang='lat' dir='ltr'><strong>quod</strong></span> <span class='ocrx_word' id='word_1_259' title='bbox 452 1915 560 1953; x_wconf 87' lang='lat' dir='ltr'><strong>amarum</strong></span> <span class='ocrx_word' id='word_1_260' title='bbox 571 1907 602 1954; x_wconf 92' lang='lat' dir='ltr'><strong>ad</strong></span> <span class='ocrx_word' id='word_1_261' title='bbox 625 1899 665 1950; x_wconf 81' lang='lat' dir='ltr'><strong>tus</strong></span> <span class='ocrx_word' id='word_1_262' title='bbox 680 1903 717 1950; x_wconf 87' lang='lat' dir='ltr'><strong>est</strong></span> <span class='ocrx_word' id='word_1_263' title='bbox 732 1903 868 1962; x_wconf 88' lang='lat' dir='ltr'><strong>plenitudo.</strong></span> <span class='ocrx_word' id='word_1_264' title='bbox 879 1905 940 1962; x_wconf 76' lang='lat' dir='ltr'><strong>Ergo</strong></span> <span class='ocrx_word' id='word_1_265' title='bbox 955 1902 986 1949; x_wconf 87' lang='lat' dir='ltr'><strong>ad</strong></span> <span class='ocrx_word' id='word_1_266' title='bbox 1001 1903 1080 1962; x_wconf 89' lang='lat' dir='ltr'><strong>ipsum</strong></span> <span class='ocrx_word' id='word_1_267' title='bbox 1091 1902 1155 1949; x_wconf 86' lang='lat' dir='ltr'><strong>dici·</strong></span> 
     </span>
     <span class='ocr_line' id='line_1_25' title="bbox 73 1967 1155 2033; baseline -0.001 -14"><span class='ocrx_word' id='word_1_268' title='bbox 73 1970 169 2030; x_wconf 84' lang='lat' dir='ltr'><strong>tempus</strong></span> <span class='ocrx_word' id='word_1_269' title='bbox 177 1970 220 2029; x_wconf 90' lang='lat' dir='ltr'><strong>sit,</strong></span> <span class='ocrx_word' id='word_1_270' title='bbox 229 1967 292 2017; x_wconf 90' lang='lat' dir='ltr'><strong>sicut</strong></span> <span class='ocrx_word' id='word_1_271' title='bbox 300 1970 336 2017; x_wconf 90' lang='lat' dir='ltr'><strong>est</strong></span> <span class='ocrx_word' id='word_1_272' title='bbox 341 1969 529 2031; x_wconf 77' lang='lat' dir='ltr'><strong>ieiunium‚non</strong></span> <span class='ocrx_word' id='word_1_273' title='bbox 536 1976 601 2033; x_wconf 83' lang='lat' dir='ltr'><strong>quod</strong></span> <span class='ocrx_word' id='word_1_274' title='bbox 625 1970 854 2032; x_wconf 77' lang='lat' dir='ltr'><strong>turasuscepimas,</strong></span> <span class='ocrx_word' id='word_1_275' title='bbox 873 1976 950 2030; x_wconf 75' lang='lat' dir='ltr'><strong>fleas,</strong></span> <span class='ocrx_word' id='word_1_276' title='bbox 971 1973 1155 2020; x_wconf 79' lang='lat' dir='ltr'><strong>miscricordiam</strong></span> 
     </span>
     <span class='ocr_line' id='line_1_26' title="bbox 74 2039 1153 2101; baseline -0.002 -14"><span class='ocrx_word' id='word_1_277' title='bbox 74 2039 146 2087; x_wconf 89' lang='lat' dir='ltr'><strong>dulce</strong></span> <span class='ocrx_word' id='word_1_278' title='bbox 156 2039 182 2086; x_wconf 89' lang='lat' dir='ltr'><strong>et</strong></span> <span class='ocrx_word' id='word_1_279' title='bbox 191 2039 368 2097; x_wconf 85' lang='lat' dir='ltr'><strong>voluntarium,</strong></span> <span class='ocrx_word' id='word_1_280' title='bbox 376 2051 516 2098; x_wconf 83' lang='lat' dir='ltr'><strong>sequamur.</strong></span> <span class='ocrx_word' id='word_1_281' title='bbox 524 2042 601 2090; x_wconf 84' lang='lat' dir='ltr'><strong>Thar—</strong></span> <span class='ocrx_word' id='word_1_282' title='bbox 625 2041 692 2087; x_wconf 70' lang='lat' dir='ltr'><strong>mam</strong></span> <span class='ocrx_word' id='word_1_283' title='bbox 701 2042 728 2088; x_wconf 81' lang='lat' dir='ltr'><strong>ia</strong></span> <span class='ocrx_word' id='word_1_284' title='bbox 736 2043 811 2089; x_wconf 81' lang='lat' dir='ltr'><strong>medio</strong></span> <span class='ocrx_word' id='word_1_285' title='bbox 821 2043 900 2101; x_wconf 81' lang='lat' dir='ltr'><strong>templi</strong></span> <span class='ocrx_word' id='word_1_286' title='bbox 909 2043 951 2088; x_wconf 83' lang='lat' dir='ltr'><strong>tui.</strong></span> <span class='ocrx_word' id='word_1_287' title='bbox 960 2040 1030 2098; x_wconf 86' lang='lat' dir='ltr'><strong>Quod</strong></span> <span class='ocrx_word' id='word_1_288' title='bbox 1039 2040 1153 2100; x_wconf 82' lang='lat' dir='ltr'><strong>quidest,</strong></span> 
     </span>
     <span class='ocr_line' id='line_1_27' title="bbox 74 2107 1155 2170; baseline -0.002 -14"><span class='ocrx_word' id='word_1_289' title='bbox 74 2107 177 2168; x_wconf 75' lang='lat' dir='ltr'><strong>sicergo</strong></span> <span class='ocrx_word' id='word_1_290' title='bbox 193 2111 230 2157; x_wconf 87' lang='lat' dir='ltr'><strong>est</strong></span> <span class='ocrx_word' id='word_1_291' title='bbox 246 2108 437 2167; x_wconf 86' lang='lat' dir='ltr'><strong>speculatorium</strong></span> <span class='ocrx_word' id='word_1_292' title='bbox 455 2110 551 2170; x_wconf 73' lang='lat' dir='ltr'><strong>gratiae,</strong></span> <span class='ocrx_word' id='word_1_293' title='bbox 562 2111 601 2158; x_wconf 89' lang='lat' dir='ltr'><strong>in·</strong></span> <span class='ocrx_word' id='word_1_294' title='bbox 624 2107 674 2154; x_wconf 88' lang='lat' dir='ltr'><strong>nisi</strong></span> <span class='ocrx_word' id='word_1_295' title='bbox 684 2109 749 2168; x_wconf 85' lang='lat' dir='ltr'><strong>quod</strong></span> <span class='ocrx_word' id='word_1_296' title='bbox 758 2109 794 2157; x_wconf 87' lang='lat' dir='ltr'><strong>ait</strong></span> <span class='ocrx_word' id='word_1_297' title='bbox 804 2122 811 2155; x_wconf 72' lang='grc' dir='ltr'><strong><em>ε</em></strong></span> <span class='ocrx_word' id='word_1_298' title='bbox 821 2110 1077 2165; x_wconf 81' lang='lat' dir='ltr'><strong>Mediasocstrumstct,</strong></span> <span class='ocrx_word' id='word_1_299' title='bbox 1086 2121 1155 2167; x_wconf 79' lang='lat' dir='ltr'><strong>quem</strong></span> 
     </span>
     <span class='ocr_line' id='line_1_28' title="bbox 74 2175 1171 2238; baseline -0.002 -14"><span class='ocrx_word' id='word_1_300' title='bbox 74 2175 213 2236; x_wconf 74' lang='lat' dir='ltr'><strong>telligibilis</strong></span> <span class='ocrx_word' id='word_1_301' title='bbox 221 2177 320 2235; x_wconf 80' lang='lat' dir='ltr'><strong>civitas,</strong></span> <span class='ocrx_word' id='word_1_302' title='bbox 330 2176 359 2223; x_wconf 90' lang='lat' dir='ltr'><strong>ut</strong></span> <span class='ocrx_word' id='word_1_303' title='bbox 369 2176 427 2223; x_wconf 90' lang='lat' dir='ltr'><strong>Sion</strong></span> <span class='ocrx_word' id='word_1_304' title='bbox 434 2179 554 2237; x_wconf 87' lang='lat' dir='ltr'><strong>superior.</strong></span> <span class='ocrx_word' id='word_1_305' title='bbox 566 2179 601 2226; x_wconf 78' lang='lat' dir='ltr'><strong>Ad</strong></span> <span class='ocrx_word' id='word_1_306' title='bbox 625 2189 666 2225; x_wconf 85' lang='lat' dir='ltr'><strong>oos</strong></span> <span class='ocrx_word' id='word_1_307' title='bbox 682 2179 786 2238; x_wconf 71' lang='grc' dir='ltr'><strong>οοοοίἱίες</strong></span> <span class='ocrx_word' id='word_1_308' title='bbox 804 2179 852 2224; x_wconf 87' lang='lat' dir='ltr'><strong>hoc</strong></span> <span class='ocrx_word' id='word_1_309' title='bbox 873 2176 923 2236; x_wconf 86' lang='lat' dir='ltr'><strong>est,</strong></span> <span class='ocrx_word' id='word_1_310' title='bbox 941 2177 969 2222; x_wconf 93' lang='lat' dir='ltr'><strong>in</strong></span> <span class='ocrx_word' id='word_1_311' title='bbox 984 2176 1065 2223; x_wconf 88' lang='lat' dir='ltr'><strong>medio</strong></span> <span class='ocrx_word' id='word_1_312' title='bbox 1077 2176 1171 2222; x_wconf 88' lang='lat' dir='ltr'><strong>restri-</strong></span> 
     </span>
     <span class='ocr_line' id='line_1_29' title="bbox 74 2245 1174 2306; baseline -0.001 -15"><span class='ocrx_word' id='word_1_313' title='bbox 74 2255 130 2292; x_wconf 89' lang='lat' dir='ltr'><strong>eam</strong></span> <span class='ocrx_word' id='word_1_314' title='bbox 141 2245 357 2293; x_wconf 76' lang='lat' dir='ltr'><strong>festinabattonas.</strong></span> <span class='ocrx_word' id='word_1_315' title='bbox 368 2245 405 2290; x_wconf 86' lang='lat' dir='ltr'><strong>De</strong></span> <span class='ocrx_word' id='word_1_316' title='bbox 412 2255 440 2290; x_wconf 90' lang='lat' dir='ltr'><strong>ea</strong></span> <span class='ocrx_word' id='word_1_317' title='bbox 450 2245 515 2292; x_wconf 83' lang='lat' dir='ltr'><strong>dixit</strong></span> <span class='ocrx_word' id='word_1_318' title='bbox 523 2245 601 2306; x_wconf 90' lang='lat' dir='ltr'><strong>Scrip-</strong></span> <span class='ocrx_word' id='word_1_319' title='bbox 626 2245 672 2304; x_wconf 86' lang='lat' dir='ltr'><strong>est,</strong></span> <span class='ocrx_word' id='word_1_320' title='bbox 683 2249 709 2293; x_wconf 89' lang='lat' dir='ltr'><strong>ct</strong></span> <span class='ocrx_word' id='word_1_321' title='bbox 718 2258 767 2293; x_wconf 92' lang='lat' dir='ltr'><strong>non</strong></span> <span class='ocrx_word' id='word_1_322' title='bbox 776 2245 888 2294; x_wconf 71' lang='lat' dir='ltr'><strong>ridetur?</strong></span> <span class='ocrx_word' id='word_1_323' title='bbox 894 2245 919 2291; x_wconf 88' lang='lat' dir='ltr'><strong>Si</strong></span> <span class='ocrx_word' id='word_1_324' title='bbox 930 2246 1012 2292; x_wconf 89' lang='lat' dir='ltr'><strong>autern</strong></span> <span class='ocrx_word' id='word_1_325' title='bbox 1018 2245 1048 2291; x_wconf 93' lang='lat' dir='ltr'><strong>ad</strong></span> <span class='ocrx_word' id='word_1_326' title='bbox 1058 2245 1155 2291; x_wconf 86' lang='lat' dir='ltr'><strong>Patrem</strong></span> <span class='ocrx_word' id='word_1_327' title='bbox 1169 2273 1174 2283; x_wconf 70' lang='lat'><strong>,</strong></span> 
     </span>
     <span class='ocr_line' id='line_1_30' title="bbox 74 2312 1153 2374; baseline -0.002 -14"><span class='ocrx_word' id='word_1_328' title='bbox 74 2313 144 2374; x_wconf 88' lang='lat' dir='ltr'><strong>tura,</strong></span> <span class='ocrx_word' id='word_1_329' title='bbox 155 2314 212 2374; x_wconf 81' lang='lat' dir='ltr'><strong>quia</strong></span> <span class='ocrx_word' id='word_1_330' title='bbox 230 2314 336 2360; x_wconf 90' lang='lat' dir='ltr'><strong>sociatus</strong></span> <span class='ocrx_word' id='word_1_331' title='bbox 353 2312 390 2360; x_wconf 90' lang='lat' dir='ltr'><strong>est</strong></span> <span class='ocrx_word' id='word_1_332' title='bbox 405 2313 520 2372; x_wconf 74' lang='lat' dir='ltr'><strong>iosaphat</strong></span> <span class='ocrx_word' id='word_1_333' title='bbox 538 2315 601 2366; x_wconf 79' lang='lat' dir='ltr'><strong>Oziae</strong></span> <span class='ocrx_word' id='word_1_334' title='bbox 626 2312 742 2372; x_wconf 84' lang='lat' dir='ltr'><strong>refertur,</strong></span> <span class='ocrx_word' id='word_1_335' title='bbox 754 2312 862 2373; x_wconf 79' lang='lat' dir='ltr'><strong>quidest</strong></span> <span class='ocrx_word' id='word_1_336' title='bbox 877 2315 906 2359; x_wconf 83' lang='lat' dir='ltr'><strong>la</strong></span> <span class='ocrx_word' id='word_1_337' title='bbox 923 2313 997 2358; x_wconf 81' lang='lat' dir='ltr'><strong>medio</strong></span> <span class='ocrx_word' id='word_1_338' title='bbox 1017 2312 1094 2370; x_wconf 81' lang='lat' dir='ltr'><strong>tempti</strong></span> <span class='ocrx_word' id='word_1_339' title='bbox 1105 2314 1153 2371; x_wconf 81' lang='lat' dir='ltr'><strong>tui,-</strong></span> 
     </span>
     <span class='ocr_line' id='line_1_31' title="bbox 74 2377 1154 2443; baseline -0.004 -14"><span class='ocrx_word' id='word_1_340' title='bbox 74 2383 136 2443; x_wconf 72' lang='lat' dir='ltr'><strong>regi,</strong></span> <span class='ocrx_word' id='word_1_341' title='bbox 147 2385 174 2431; x_wconf 89' lang='lat' dir='ltr'><strong>et</strong></span> <span class='ocrx_word' id='word_1_342' title='bbox 183 2384 218 2431; x_wconf 90' lang='lat' dir='ltr'><strong>sic</strong></span> <span class='ocrx_word' id='word_1_343' title='bbox 227 2383 321 2442; x_wconf 87' lang='lat' dir='ltr'><strong>placuit</strong></span> <span class='ocrx_word' id='word_1_344' title='bbox 329 2383 359 2430; x_wconf 89' lang='lat' dir='ltr'><strong>ut</strong></span> <span class='ocrx_word' id='word_1_345' title='bbox 369 2381 492 2441; x_wconf 87' lang='lat' dir='ltr'><strong>lacerent,</strong></span> <span class='ocrx_word' id='word_1_346' title='bbox 501 2382 526 2430; x_wconf 88' lang='lat' dir='ltr'><strong>et</strong></span> <span class='ocrx_word' id='word_1_347' title='bbox 536 2383 602 2431; x_wconf 92' lang='lat' dir='ltr'><strong>irent</strong></span> <span class='ocrx_word' id='word_1_348' title='bbox 625 2379 673 2426; x_wconf 88' lang='lat' dir='ltr'><strong>nisi</strong></span> <span class='ocrx_word' id='word_1_349' title='bbox 681 2380 740 2439; x_wconf 89' lang='lat' dir='ltr'><strong>qui-a</strong></span> <span class='ocrx_word' id='word_1_350' title='bbox 750 2380 818 2427; x_wconf 86' lang='lat' dir='ltr'><strong>Deus</strong></span> <span class='ocrx_word' id='word_1_351' title='bbox 828 2378 881 2427; x_wconf 85' lang='lat' dir='ltr'><strong>erat</strong></span> <span class='ocrx_word' id='word_1_352' title='bbox 891 2378 919 2426; x_wconf 90' lang='lat' dir='ltr'><strong>in</strong></span> <span class='ocrx_word' id='word_1_353' title='bbox 928 2377 1022 2425; x_wconf 85' lang='lat' dir='ltr'><strong>christo</strong></span> <span class='ocrx_word' id='word_1_354' title='bbox 1033 2377 1154 2425; x_wconf 90' lang='lat' dir='ltr'><strong>mundum</strong></span> 
     </span>
    </p>

    <p class='ocr_par' dir='ltr' id='par_1_5' title="bbox 10 2446 859 2512">
     <span class='ocr_line' id='line_1_32' title="bbox 10 2446 859 2512; baseline -0.009 -11"><span class='ocrx_word' id='word_1_355' title='bbox 10 2496 12 2501; x_wconf 80' lang='grc'>,</span> <span class='ocrx_word' id='word_1_356' title='bbox 74 2451 105 2499; x_wconf 86' lang='lat' dir='ltr'><strong>ad</strong></span> <span class='ocrx_word' id='word_1_357' title='bbox 116 2464 173 2499; x_wconf 87' lang='lat' dir='ltr'><strong>eum</strong></span> <span class='ocrx_word' id='word_1_358' title='bbox 182 2459 258 2500; x_wconf 84' lang='lat' dir='ltr'><strong>naves</strong></span> <span class='ocrx_word' id='word_1_359' title='bbox 273 2451 379 2499; x_wconf 78' lang='lat' dir='ltr'><strong>Tharais.</strong></span> <span class='ocrx_word' id='word_1_360' title='bbox 395 2450 443 2497; x_wconf 87' lang='lat' dir='ltr'><strong>Sed</strong></span> <span class='ocrx_word' id='word_1_361' title='bbox 453 2451 510 2510; x_wconf 87' lang='lat' dir='ltr'><strong>quia</strong></span> <span class='ocrx_word' id='word_1_362' title='bbox 525 2452 600 2512; x_wconf 89' lang='lat' dir='ltr'><strong>impio</strong></span> <span class='ocrx_word' id='word_1_363' title='bbox 625 2449 785 2495; x_wconf 86' lang='lat' dir='ltr'><strong>reconcilians</strong></span> <span class='ocrx_word' id='word_1_364' title='bbox 795 2446 859 2496; x_wconf 83' lang='lat' dir='ltr'><strong>sibit</strong></span> 
     </span>
    </p>

    <p class='ocr_par' dir='ltr' id='par_1_6' title="bbox 20 2515 1154 2989">
     <span class='ocr_line' id='line_1_33' title="bbox 73 2515 1153 2580; baseline -0.005 -12"><span class='ocrx_word' id='word_1_365' title='bbox 73 2531 102 2568; x_wconf 82' lang='lat' dir='ltr'><strong>se</strong></span> <span class='ocrx_word' id='word_1_366' title='bbox 122 2520 260 2580; x_wconf 86' lang='lat' dir='ltr'><strong>conjunxit,</strong></span> <span class='ocrx_word' id='word_1_367' title='bbox 277 2518 334 2567; x_wconf 89' lang='lat' dir='ltr'><strong>ideo</strong></span> <span class='ocrx_word' id='word_1_368' title='bbox 349 2521 436 2568; x_wconf 87' lang='lat' dir='ltr'><strong>missus</strong></span> <span class='ocrx_word' id='word_1_369' title='bbox 449 2520 487 2567; x_wconf 88' lang='lat' dir='ltr'><strong>est</strong></span> <span class='ocrx_word' id='word_1_370' title='bbox 501 2520 601 2569; x_wconf 91' lang='lat' dir='ltr'><strong>adeum</strong></span> <span class='ocrx_word' id='word_1_371' title='bbox 656 2517 694 2562; x_wconf 70' lang='lat'><strong>4⁷·</strong></span> <span class='ocrx_word' id='word_1_372' title='bbox 712 2517 740 2562; x_wconf 85' lang='lat' dir='ltr'><strong>In</strong></span> <span class='ocrx_word' id='word_1_373' title='bbox 754 2516 797 2563; x_wconf 85' lang='lat' dir='ltr'><strong>illo</strong></span> <span class='ocrx_word' id='word_1_374' title='bbox 815 2526 872 2575; x_wconf 73' lang='lat' dir='ltr'><strong>ergo</strong></span> <span class='ocrx_word' id='word_1_375' title='bbox 887 2515 982 2574; x_wconf 79' lang='lat' dir='ltr'><strong>templo</strong></span> <span class='ocrx_word' id='word_1_376' title='bbox 998 2517 1153 2576; x_wconf 63' lang='lat' dir='ltr'><strong>mesmes,</strong></span> 
     </span>
     <span class='ocr_line' id='line_1_34' title="bbox 73 2584 1152 2650; baseline -0.004 -14"><span class='ocrx_word' id='word_1_377' title='bbox 73 2588 362 2650; x_wconf 85' lang='lat' dir='ltr'><strong>propheta,quidiceret</strong></span> <span class='ocrx_word' id='word_1_378' title='bbox 372 2588 395 2634; x_wconf 91' lang='lat' dir='ltr'><strong>ei</strong></span> <span class='ocrx_word' id='word_1_379' title='bbox 407 2591 601 2638; x_wconf 75' lang='lat' dir='ltr'><strong>:Destrucitllo-</strong></span> <span class='ocrx_word' id='word_1_380' title='bbox 626 2584 719 2644; x_wconf 86' lang='lat' dir='ltr'><strong>inquit,</strong></span> <span class='ocrx_word' id='word_1_381' title='bbox 734 2585 917 2633; x_wconf 75' lang='lat' dir='ltr'><strong>miscricordiam</strong></span> <span class='ocrx_word' id='word_1_382' title='bbox 934 2587 1014 2644; x_wconf 81' lang='lat' dir='ltr'><strong>tacm3</strong></span> <span class='ocrx_word' id='word_1_383' title='bbox 1035 2584 1081 2631; x_wconf 88' lang='lat' dir='ltr'><strong>hoc</strong></span> <span class='ocrx_word' id='word_1_384' title='bbox 1101 2585 1152 2642; x_wconf 87' lang='lat' dir='ltr'><strong>est,</strong></span> 
     </span>
     <span class='ocr_line' id='line_1_35' title="bbox 73 2651 1153 2718; baseline 0.006 -14"><span class='ocrx_word' id='word_1_385' title='bbox 73 2659 152 2704; x_wconf 78' lang='lat' dir='ltr'><strong>minus</strong></span> <span class='ocrx_word' id='word_1_386' title='bbox 161 2670 217 2718; x_wconf 82' lang='lat' dir='ltr'><strong>opus</strong></span> <span class='ocrx_word' id='word_1_387' title='bbox 225 2659 291 2704; x_wconf 80' lang='lat' dir='ltr'><strong>tuum</strong></span> <span class='ocrx_word' id='word_1_388' title='bbox 297 2689 305 2714; x_wconf 94' lang='lat'><strong>,</strong></span> <span class='ocrx_word' id='word_1_389' title='bbox 316 2659 339 2704; x_wconf 89' lang='lat' dir='ltr'><strong>ct</strong></span> <span class='ocrx_word' id='word_1_390' title='bbox 348 2657 452 2704; x_wconf 76' lang='lat' dir='ltr'><strong>contrito</strong></span> <span class='ocrx_word' id='word_1_391' title='bbox 462 2660 516 2704; x_wconf 83' lang='lat' dir='ltr'><strong>sant</strong></span> <span class='ocrx_word' id='word_1_392' title='bbox 530 2672 600 2707; x_wconf 81' lang='lat' dir='ltr'><strong>nasce</strong></span> <span class='ocrx_word' id='word_1_393' title='bbox 624 2651 731 2699; x_wconf 74' lang='lat' dir='ltr'><strong>Verbum</strong></span> <span class='ocrx_word' id='word_1_394' title='bbox 739 2652 805 2711; x_wconf 70' lang='lat' dir='ltr'><strong>l¹¹⁰ll</strong></span> <span class='ocrx_word' id='word_1_395' title='bbox 815 2662 871 2698; x_wconf 68' lang='lat'><strong>⁰³¹⁰</strong></span> <span class='ocrx_word' id='word_1_396' title='bbox 881 2652 973 2700; x_wconf 62' lang='lat' dir='ltr'><strong>factum</strong></span> <span class='ocrx_word' id='word_1_397' title='bbox 984 2651 1037 2711; x_wconf 69' lang='lat' dir='ltr'><strong>⁰⁸ts</strong></span> <span class='ocrx_word' id='word_1_398' title='bbox 1046 2652 1071 2699; x_wconf 65' lang='grc' dir='ltr'><strong>θῖ</strong></span> <span class='ocrx_word' id='word_1_399' title='bbox 1082 2651 1153 2698; x_wconf 62' lang='lat' dir='ltr'><strong>habi·</strong></span> 
     </span>
     <span class='ocr_line' id='line_1_36' title="bbox 74 2720 1152 2785; baseline -0.008 -10"><span class='ocrx_word' id='word_1_400' title='bbox 74 2728 134 2783; x_wconf 70' lang='grc' dir='ltr'><strong>Μ,</strong></span> <span class='ocrx_word' id='word_1_401' title='bbox 147 2728 170 2773; x_wconf 90' lang='lat' dir='ltr'><strong>ct</strong></span> <span class='ocrx_word' id='word_1_402' title='bbox 188 2738 237 2771; x_wconf 83' lang='lat' dir='ltr'><strong>noa</strong></span> <span class='ocrx_word' id='word_1_403' title='bbox 255 2727 380 2785; x_wconf 76' lang='lat' dir='ltr'><strong>potuerant</strong></span> <span class='ocrx_word' id='word_1_404' title='bbox 397 2726 431 2772; x_wconf 85' lang='lat' dir='ltr'><strong>irc</strong></span> <span class='ocrx_word' id='word_1_405' title='bbox 448 2727 474 2771; x_wconf 80' lang='lat' dir='ltr'><strong>in</strong></span> <span class='ocrx_word' id='word_1_406' title='bbox 494 2727 598 2776; x_wconf 75' lang='lat' dir='ltr'><strong>llrarsc‘s.</strong></span> <span class='ocrx_word' id='word_1_407' title='bbox 624 2721 686 2769; x_wconf 83' lang='lat' dir='ltr'><strong>tavit</strong></span> <span class='ocrx_word' id='word_1_408' title='bbox 705 2721 731 2768; x_wconf 88' lang='lat' dir='ltr'><strong>in</strong></span> <span class='ocrx_word' id='word_1_409' title='bbox 750 2720 829 2769; x_wconf 80' lang='lat' dir='ltr'><strong>uobis.</strong></span> <span class='ocrx_word' id='word_1_410' title='bbox 852 2720 921 2767; x_wconf 88' lang='lat' dir='ltr'><strong>Sicut</strong></span> <span class='ocrx_word' id='word_1_411' title='bbox 942 2720 1010 2767; x_wconf 87' lang='lat' dir='ltr'><strong>enim</strong></span> <span class='ocrx_word' id='word_1_412' title='bbox 1030 2720 1152 2768; x_wconf 87' lang='lat' dir='ltr'><strong>redemtio</strong></span> 
     </span>
     <span class='ocr_line' id='line_1_37' title="bbox 73 2789 1154 2857; baseline -0.005 -18"><span class='ocrx_word' id='word_1_413' title='bbox 73 2793 125 2857; x_wconf 78' lang='lat' dir='ltr'><strong>Quo</strong></span> <span class='ocrx_word' id='word_1_414' title='bbox 140 2792 289 2852; x_wconf 73' lang='lat' dir='ltr'><strong>significatur</strong></span> <span class='ocrx_word' id='word_1_415' title='bbox 305 2792 370 2852; x_wconf 88' lang='lat' dir='ltr'><strong>quod</strong></span> <span class='ocrx_word' id='word_1_416' title='bbox 383 2793 598 2850; x_wconf 78' lang='lat' dir='ltr'><strong>praevaricantium</strong></span> <span class='ocrx_word' id='word_1_417' title='bbox 623 2789 745 2849; x_wconf 81' lang='lat' dir='ltr'><strong>Christus,</strong></span> <span class='ocrx_word' id='word_1_418' title='bbox 757 2789 792 2836; x_wconf 91' lang='lat' dir='ltr'><strong>ita</strong></span> <span class='ocrx_word' id='word_1_419' title='bbox 802 2790 829 2837; x_wconf 88' lang='lat' dir='ltr'><strong>et</strong></span> <span class='ocrx_word' id='word_1_420' title='bbox 844 2789 1021 2837; x_wconf 84' lang='lat' dir='ltr'><strong>misericordia.</strong></span> <span class='ocrx_word' id='word_1_421' title='bbox 1037 2789 1097 2847; x_wconf 83' lang='lat' dir='ltr'><strong>Quae</strong></span> <span class='ocrx_word' id='word_1_422' title='bbox 1109 2801 1154 2836; x_wconf 89' lang='lat' dir='ltr'><strong>au·</strong></span> 
     </span>
     <span class='ocr_line' id='line_1_38' title="bbox 20 2857 1153 2918; baseline -0.004 -10"><span class='ocrx_word' id='word_1_423' title='bbox 20 2873 24 2879; x_wconf 90' lang='lat'><em>·</em></span> <span class='ocrx_word' id='word_1_424' title='bbox 73 2858 601 2918; x_wconf 74' lang='lat' dir='ltr'><strong>neandatumlieicorporaadconsummatio-</strong></span> <span class='ocrx_word' id='word_1_425' title='bbox 624 2860 674 2905; x_wconf 89' lang='lat' dir='ltr'><strong>tem</strong></span> <span class='ocrx_word' id='word_1_426' title='bbox 682 2857 1153 2916; x_wconf 83' lang='lat' dir='ltr'><strong>maiormisericordia‚quamquodpro</strong></span> 
     </span>
     <span class='ocr_line' id='line_1_39' title="bbox 72 2925 1152 2989; baseline -0.006 -12"><span class='ocrx_word' id='word_1_427' title='bbox 72 2941 131 2978; x_wconf 82' lang='lat' dir='ltr'><strong>nem</strong></span> <span class='ocrx_word' id='word_1_428' title='bbox 148 2929 231 2989; x_wconf 69' lang='lat' dir='ltr'><strong>gratia</strong></span> <span class='ocrx_word' id='word_1_429' title='bbox 245 2928 377 2989; x_wconf 86' lang='lat' dir='ltr'><strong>pervenire</strong></span> <span class='ocrx_word' id='word_1_430' title='bbox 390 2938 438 2974; x_wconf 94' lang='lat' dir='ltr'><strong>non</strong></span> <span class='ocrx_word' id='word_1_431' title='bbox 449 2926 553 2986; x_wconf 87' lang='lat' dir='ltr'><strong>possint.</strong></span> <span class='ocrx_word' id='word_1_432' title='bbox 564 2930 601 2976; x_wconf 78' lang='lat' dir='ltr'><strong>Ad</strong></span> <span class='ocrx_word' id='word_1_433' title='bbox 624 2927 712 2974; x_wconf 85' lang='lat' dir='ltr'><strong>nostris</strong></span> <span class='ocrx_word' id='word_1_434' title='bbox 717 2926 815 2984; x_wconf 78' lang='lat' dir='ltr'><strong>flagitiis</strong></span> <span class='ocrx_word' id='word_1_435' title='bbox 821 2938 847 2972; x_wconf 88' lang='lat' dir='ltr'><strong>se</strong></span> <span class='ocrx_word' id='word_1_436' title='bbox 852 2925 957 2984; x_wconf 79' lang='lat' dir='ltr'><strong>praebuit</strong></span> <span class='ocrx_word' id='word_1_437' title='bbox 964 2925 1152 2982; x_wconf 69' lang='lat' dir='ltr'><strong>immolandum</strong></span> 
     </span>
    </p>

    <p class='ocr_par' dir='ltr' id='par_1_7' title="bbox 33 2990 1200 3395">
     <span class='ocr_line' id='line_1_40' title="bbox 39 2990 1200 3055; baseline -0.009 -9"><span class='ocrx_word' id='word_1_438' title='bbox 39 3009 44 3014; x_wconf 85' lang='lat'>·</span> <span class='ocrx_word' id='word_1_439' title='bbox 72 2998 226 3046; x_wconf 79' lang='lat' dir='ltr'><strong>Salomonem</strong></span> <span class='ocrx_word' id='word_1_440' title='bbox 244 2994 447 3054; x_wconf 87' lang='lat' dir='ltr'><strong>autem,·utpote</strong></span> <span class='ocrx_word' id='word_1_441' title='bbox 463 2997 600 3055; x_wconf 86' lang='lat' dir='ltr'><strong>sapientem</strong></span> <span class='ocrx_word' id='word_1_442' title='bbox 624 2990 1154 3050; x_wconf 77' lang='lat' dir='ltr'><strong>utsanguinesuomundumlararet‚cujus</strong></span> <span class='ocrx_word' id='word_1_443' title='bbox 1199 2991 1200 2994; x_wconf 78' lang='grc'>’</span> 
     </span>
     <span class='ocr_line' id='line_1_41' title="bbox 73 3057 1154 3126; baseline -0.01 -12"><span class='ocrx_word' id='word_1_444' title='bbox 73 3068 101 3115; x_wconf 91' lang='lat' dir='ltr'><strong>et</strong></span> <span class='ocrx_word' id='word_1_445' title='bbox 114 3064 245 3126; x_wconf 87' lang='lat' dir='ltr'><strong>pacificum</strong></span> <span class='ocrx_word' id='word_1_446' title='bbox 260 3063 342 3108; x_wconf 86' lang='lat' dir='ltr'><strong>virum</strong></span> <span class='ocrx_word' id='word_1_447' title='bbox 361 3073 437 3108; x_wconf 86' lang='lat' dir='ltr'><strong>nares</strong></span> <span class='ocrx_word' id='word_1_448' title='bbox 452 3061 483 3107; x_wconf 92' lang='lat' dir='ltr'><strong>de</strong></span> <span class='ocrx_word' id='word_1_449' title='bbox 503 3063 601 3110; x_wconf 83' lang='lat' dir='ltr'><strong>Tharsis</strong></span> <span class='ocrx_word' id='word_1_450' title='bbox 624 3057 1154 3118; x_wconf 87' lang='lat' dir='ltr'><strong>peccatumnulloaliomodopotulssctabo·</strong></span> 
     </span>
     <span class='ocr_line' id='line_1_42' title="bbox 33 3125 1154 3191; baseline -0.01 -9"><span class='ocrx_word' id='word_1_451' title='bbox 33 3182 37 3191; x_wconf 81' lang='grc'><em>,</em></span> <span class='ocrx_word' id='word_1_452' title='bbox 73 3147 131 3183; x_wconf 86' lang='lat' dir='ltr'><strong>cum</strong></span> <span class='ocrx_word' id='word_1_453' title='bbox 142 3126 200 3179; x_wconf 85' lang='lat' dir='ltr'><strong>auro</strong></span> <span class='ocrx_word' id='word_1_454' title='bbox 209 3132 234 3178; x_wconf 94' lang='lat' dir='ltr'><strong>et</strong></span> <span class='ocrx_word' id='word_1_455' title='bbox 244 3129 357 3189; x_wconf 76' lang='lat' dir='ltr'><strong>argento,</strong></span> <span class='ocrx_word' id='word_1_456' title='bbox 368 3128 394 3174; x_wconf 86' lang='lat' dir='ltr'><strong>et</strong></span> <span class='ocrx_word' id='word_1_457' title='bbox 404 3127 519 3176; x_wconf 88' lang='lat' dir='ltr'><strong>dentibus</strong></span> <span class='ocrx_word' id='word_1_458' title='bbox 529 3130 602 3177; x_wconf 84' lang='lat' dir='ltr'><strong>ebur·</strong></span> <span class='ocrx_word' id='word_1_459' title='bbox 625 3127 702 3175; x_wconf 74' lang='lat' dir='ltr'><strong>leri*?</strong></span> <span class='ocrx_word' id='word_1_460' title='bbox 717 3128 814 3176; x_wconf 84' lang='lat' dir='ltr'><strong>Etenim</strong></span> <span class='ocrx_word' id='word_1_461' title='bbox 829 3127 850 3173; x_wconf 92' lang='lat' dir='ltr'><strong>si</strong></span> <span class='ocrx_word' id='word_1_462' title='bbox 867 3128 898 3174; x_wconf 91' lang='lat' dir='ltr'><strong>de</strong></span> <span class='ocrx_word' id='word_1_463' title='bbox 913 3126 1003 3173; x_wconf 86' lang='lat' dir='ltr'><strong>sanctis</strong></span> <span class='ocrx_word' id='word_1_464' title='bbox 1013 3125 1074 3172; x_wconf 89' lang='lat' dir='ltr'><strong>viris</strong></span> <span class='ocrx_word' id='word_1_465' title='bbox 1092 3126 1154 3185; x_wconf 77' lang='lat' dir='ltr'><strong>Apo-</strong></span> 
     </span>
     <span class='ocr_line' id='line_1_43' title="bbox 72 3193 1153 3255; baseline -0.006 -7"><span class='ocrx_word' id='word_1_466' title='bbox 72 3200 129 3249; x_wconf 75' lang='lat' dir='ltr'><strong>aeis</strong></span> <span class='ocrx_word' id='word_1_467' title='bbox 143 3199 196 3246; x_wconf 87' lang='lat' dir='ltr'><strong>sine</strong></span> <span class='ocrx_word' id='word_1_468' title='bbox 211 3197 262 3245; x_wconf 88' lang='lat' dir='ltr'><strong>alla</strong></span> <span class='ocrx_word' id='word_1_469' title='bbox 273 3195 406 3243; x_wconf 88' lang='lat' dir='ltr'><strong>olienslone</strong></span> <span class='ocrx_word' id='word_1_470' title='bbox 416 3193 563 3255; x_wconf 80' lang='lat' dir='ltr'><strong>veniebant,</strong></span> <span class='ocrx_word' id='word_1_471' title='bbox 576 3197 601 3243; x_wconf 89' lang='lat' dir='ltr'><strong>et</strong></span> <span class='ocrx_word' id='word_1_472' title='bbox 625 3196 700 3243; x_wconf 89' lang='lat' dir='ltr'><strong>stolus</strong></span> <span class='ocrx_word' id='word_1_473' title='bbox 710 3195 775 3242; x_wconf 76' lang='lat' dir='ltr'><strong>dixit</strong></span> <span class='ocrx_word' id='word_1_474' title='bbox 786 3208 793 3240; x_wconf 74' lang='grc' dir='ltr'><em>τ</em></span> <span class='ocrx_word' id='word_1_475' title='bbox 805 3195 925 3254; x_wconf 78' lang='lat' dir='ltr'><strong>Templum</strong></span> <span class='ocrx_word' id='word_1_476' title='bbox 935 3194 981 3241; x_wconf 73' lang='lat' dir='ltr'><strong>Des·</strong></span> <span class='ocrx_word' id='word_1_477' title='bbox 994 3207 1036 3242; x_wconf 84' lang='lat' dir='ltr'><strong>vos</strong></span> <span class='ocrx_word' id='word_1_478' title='bbox 1050 3196 1116 3251; x_wconf 84' lang='lat' dir='ltr'><strong>estis,</strong></span> <span class='ocrx_word' id='word_1_479' title='bbox 1131 3196 1153 3242; x_wconf 90' lang='lat' dir='ltr'><strong>ct</strong></span> 
     </span>
     <span class='ocr_line' id='line_1_44' title="bbox 73 3259 1154 3327; baseline -0.004 -12"><span class='ocrx_word' id='word_1_480' title='bbox 73 3279 104 3316; x_wconf 90' lang='lat' dir='ltr'><strong>eo</strong></span> <span class='ocrx_word' id='word_1_481' title='bbox 122 3266 176 3327; x_wconf 91' lang='lat' dir='ltr'><strong>ipse</strong></span> <span class='ocrx_word' id='word_1_482' title='bbox 193 3261 317 3311; x_wconf 89' lang='lat' dir='ltr'><strong>mittebat.</strong></span> <span class='ocrx_word' id='word_1_483' title='bbox 327 3259 445 3307; x_wconf 42' lang='lat' dir='ltr'><strong>xilabebat</strong></span> <span class='ocrx_word' id='word_1_484' title='bbox 459 3261 526 3308; x_wconf 90' lang='lat' dir='ltr'><strong>enim</strong></span> <span class='ocrx_word' id='word_1_485' title='bbox 545 3275 601 3310; x_wconf 90' lang='lat' dir='ltr'><strong>cnm</strong></span> <span class='ocrx_word' id='word_1_486' title='bbox 625 3262 1154 3325; x_wconf 78' lang='lat' dir='ltr'><strong>spiritcssanctasinhabitatiaooln&#39;s3quanto</strong></span> 
     </span>
     <span class='ocr_line' id='line_1_45' title="bbox 73 3331 600 3395; baseline -0.009 -11"><span class='ocrx_word' id='word_1_487' title='bbox 73 3335 221 3395; x_wconf 69' lang='lat' dir='ltr'><strong>regelliram</strong></span> <span class='ocrx_word' id='word_1_488' title='bbox 230 3331 600 3391; x_wconf 82' lang='lat' dir='ltr'><strong>sacraenegotiationisspiritale</strong></span> 
     </span>
    </p>
   </div>
   <div class='ocr_carea' id='block_1_5' title="bbox 73 3400 1153 3470">
    <p class='ocr_par' dir='ltr' id='par_1_8' title="bbox 73 3400 1153 3470">
     <span class='ocr_line' id='line_1_46' title="bbox 73 3400 1153 3470; baseline -0.015 -18"><span class='ocrx_word' id='word_1_489' title='bbox 73 3415 263 3460; x_wconf 77' lang='lat' dir='ltr'><strong>commercium,</strong></span> <span class='ocrx_word' id='word_1_490' title='bbox 274 3401 300 3448; x_wconf 91' lang='lat' dir='ltr'><strong>et</strong></span> <span class='ocrx_word' id='word_1_491' title='bbox 308 3401 399 3448; x_wconf 86' lang='lat' dir='ltr'><strong>mutuae</strong></span> <span class='ocrx_word' id='word_1_492' title='bbox 408 3400 492 3459; x_wconf 77' lang='lat' dir='ltr'><strong>gratiae</strong></span> <span class='ocrx_word' id='word_1_493' title='bbox 501 3411 600 3446; x_wconf 88' lang='lat' dir='ltr'><strong>concer-</strong></span> <span class='ocrx_word' id='word_1_494' title='bbox 624 3427 685 3465; x_wconf 80' lang='lat' dir='ltr'><strong>nuno</strong></span> <span class='ocrx_word' id='word_1_495' title='bbox 698 3425 738 3462; x_wconf 76' lang='lat' dir='ltr'><strong>ano</strong></span> <span class='ocrx_word' id='word_1_496' title='bbox 754 3423 818 3461; x_wconf 79' lang='lat' dir='ltr'><strong>modo</strong></span> <span class='ocrx_word' id='word_1_497' title='bbox 830 3433 895 3470; x_wconf 77' lang='lat' dir='ltr'><strong>quam</strong></span> <span class='ocrx_word' id='word_1_498' title='bbox 907 3421 987 3460; x_wconf 53' lang='lat' dir='ltr'><strong>Chris„</strong></span> <span class='ocrx_word' id='word_1_499' title='bbox 999 3423 1101 3469; x_wconf 69' lang='lat' dir='ltr'><strong>argutas</strong></span> <span class='ocrx_word' id='word_1_500' title='bbox 1113 3433 1153 3470; x_wconf 81' lang='lat' dir='ltr'><strong>po-</strong></span> 
     </span>
    </p>
   </div>
   <div class='ocr_carea' id='block_1_6' title="bbox 72 3467 1153 3602">
    <p class='ocr_par' dir='ltr' id='par_1_9' title="bbox 72 3467 1153 3602">
     <span class='ocr_line' id='line_1_47' title="bbox 72 3467 1153 3528; baseline -0.004 -8"><span class='ocrx_word' id='word_1_501' title='bbox 72 3467 599 3528; x_wconf 75' lang='lat' dir='ltr'><strong>tantisaliectum.llasergonarcsiiquire-</strong></span> <span class='ocrx_word' id='word_1_502' title='bbox 623 3476 1016 3524; x_wconf 63' lang='lat' dir='ltr'><strong>summcrernaruuinreusgenuum</strong></span> <span class='ocrx_word' id='word_1_503' title='bbox 1024 3479 1153 3524; x_wconf 67' lang='lat' dir='ltr'><strong>erassatur</strong></span> 
     </span>
     <span class='ocr_line' id='line_1_48' title="bbox 74 3530 1151 3602; baseline -0.01 -14"><span class='ocrx_word' id='word_1_504' title='bbox 74 3540 122 3602; x_wconf 72' lang='lat' dir='ltr'><strong>gali</strong></span> <span class='ocrx_word' id='word_1_505' title='bbox 132 3540 192 3587; x_wconf 90' lang='lat' dir='ltr'><strong>inse</strong></span> <span class='ocrx_word' id='word_1_506' title='bbox 203 3538 346 3585; x_wconf 84' lang='lat' dir='ltr'><strong>auctoritato</strong></span> <span class='ocrx_word' id='word_1_507' title='bbox 356 3535 522 3596; x_wconf 86' lang='lat' dir='ltr'><strong>potiunturad</strong></span> <span class='ocrx_word' id='word_1_508' title='bbox 532 3548 599 3584; x_wconf 87' lang='lat' dir='ltr'><strong>coer·</strong></span> <span class='ocrx_word' id='word_1_509' title='bbox 623 3536 687 3583; x_wconf 68' lang='lat' dir='ltr'><strong>sperus</strong></span> <span class='ocrx_word' id='word_1_510' title='bbox 701 3531 793 3586; x_wconf 71' lang='lat' dir='ltr'><strong>mundis</strong></span> <span class='ocrx_word' id='word_1_511' title='bbox 810 3530 869 3578; x_wconf 81' lang='lat' dir='ltr'><strong>quoa</strong></span> <span class='ocrx_word' id='word_1_512' title='bbox 884 3531 961 3568; x_wconf 72' lang='lat' dir='ltr'><strong>scincet</strong></span> <span class='ocrx_word' id='word_1_513' title='bbox 976 3530 1038 3566; x_wconf 76' lang='lat' dir='ltr'><strong>nuru</strong></span> <span class='ocrx_word' id='word_1_514' title='bbox 1053 3531 1151 3577; x_wconf 67' lang='lat' dir='ltr'><strong>existeret</strong></span> 
     </span>
    </p>
   </div>
   <div class='ocr_carea' id='block_1_7' title="bbox 75 3583 1153 3687">
    <p class='ocr_par' dir='ltr' id='par_1_10' title="bbox 75 3583 1153 3687">
     <span class='ocr_line' id='line_1_49' title="bbox 75 3583 1153 3687; baseline -0.009 -28"><span class='ocrx_word' id='word_1_515' title='bbox 75 3609 177 3660; x_wconf 82' lang='lat' dir='ltr'><strong>cendam</strong></span> <span class='ocrx_word' id='word_1_516' title='bbox 188 3607 304 3655; x_wconf 83' lang='lat' dir='ltr'><strong>ferociam</strong></span> <span class='ocrx_word' id='word_1_517' title='bbox 316 3604 478 3663; x_wconf 83' lang='lat' dir='ltr'><strong>corporalem,</strong></span> <span class='ocrx_word' id='word_1_518' title='bbox 487 3603 599 3652; x_wconf 83' lang='lat' dir='ltr'><strong>videntes</strong></span> <span class='ocrx_word' id='word_1_519' title='bbox 623 3583 1153 3687; x_wconf 45' lang='grc' dir='ltr'><strong>ξξῖἓξζζῗζἓζὶξῑξξξὲἷξξῃξοζζξξῃὲῇξξῗὲ</strong></span> 
     </span>
    </p>
   </div>
   <div class='ocr_carea' id='block_1_8' title="bbox 74 3671 1152 3802">
    <p class='ocr_par' dir='ltr' id='par_1_11' title="bbox 74 3671 1152 3802">
     <span class='ocr_line' id='line_1_50' title="bbox 75 3671 1152 3741; baseline -0.011 -3"><span class='ocrx_word' id='word_1_520' title='bbox 75 3691 108 3727; x_wconf 74' lang='lat'><strong>0¹</strong></span> <span class='ocrx_word' id='word_1_521' title='bbox 118 3675 317 3736; x_wconf 63' lang='lat' dir='ltr'><strong>fflmlptibilibus</strong></span> <span class='ocrx_word' id='word_1_522' title='bbox 331 3671 496 3728; x_wconf 60' lang='lat' dir='ltr'><strong>in⁰⁰¹fflpt³⁵s</strong></span> <span class='ocrx_word' id='word_1_523' title='bbox 507 3683 540 3717; x_wconf 66' lang='lat'><strong>⁰¹</strong></span> <span class='ocrx_word' id='word_1_524' title='bbox 546 3684 599 3719; x_wconf 57' lang='grc' dir='ltr'><strong>ΠΜ·</strong></span> <span class='ocrx_word' id='word_1_525' title='bbox 623 3702 666 3741; x_wconf 86' lang='lat' dir='ltr'><strong>quc</strong></span> <span class='ocrx_word' id='word_1_526' title='bbox 674 3694 737 3740; x_wconf 83' lang='lat' dir='ltr'><strong>posset</strong></span> <span class='ocrx_word' id='word_1_527' title='bbox 744 3715 750 3736; x_wconf 92' lang='lat'><strong>,</strong></span> <span class='ocrx_word' id='word_1_528' title='bbox 757 3692 783 3727; x_wconf 89' lang='lat' dir='ltr'><strong>ut</strong></span> <span class='ocrx_word' id='word_1_529' title='bbox 793 3690 939 3727; x_wconf 85' lang='lat' dir='ltr'><strong>communiter</strong></span> <span class='ocrx_word' id='word_1_530' title='bbox 950 3687 1066 3727; x_wconf 85' lang='lat' dir='ltr'><strong>adllrmant</strong></span> <span class='ocrx_word' id='word_1_531' title='bbox 1076 3689 1152 3726; x_wconf 85' lang='lat' dir='ltr'><strong>Theo-</strong></span> 
     </span>
     <span class='ocr_line' id='line_1_51' title="bbox 74 3737 1151 3802; baseline -0.017 -7"><span class='ocrx_word' id='word_1_532' title='bbox 74 3737 599 3802; x_wconf 78' lang='lat' dir='ltr'><strong>culosissummagratlaelucefulgentes,cx</strong></span> <span class='ocrx_word' id='word_1_533' title='bbox 623 3741 1151 3792; x_wconf 62' lang='lat' dir='ltr'><strong>lasnvsrumexparrsnel‚s.Thomas1arr.s,</strong></span> 
     </span>
    </p>
   </div>
   <div class='ocr_carea' id='block_1_9' title="bbox 74 3794 1151 3889">
    <p class='ocr_par' dir='ltr' id='par_1_12' title="bbox 74 3794 1151 3889">
     <span class='ocr_line' id='line_1_52' title="bbox 74 3794 1151 3889; baseline -0.013 -23"><span class='ocrx_word' id='word_1_534' title='bbox 74 3815 197 3866; x_wconf 82' lang='lat' dir='ltr'><strong>dissolutis</strong></span> <span class='ocrx_word' id='word_1_535' title='bbox 208 3814 281 3873; x_wconf 89' lang='lat' dir='ltr'><strong>atque</strong></span> <span class='ocrx_word' id='word_1_536' title='bbox 290 3808 386 3859; x_wconf 90' lang='lat' dir='ltr'><strong>detritis</strong></span> <span class='ocrx_word' id='word_1_537' title='bbox 394 3821 447 3855; x_wconf 89' lang='lat' dir='ltr'><strong>esse</strong></span> <span class='ocrx_word' id='word_1_538' title='bbox 455 3809 598 3866; x_wconf 82' lang='lat' dir='ltr'><strong>renovatas,</strong></span> <span class='ocrx_word' id='word_1_539' title='bbox 623 3796 744 3889; x_wconf 45' lang='lat' dir='ltr'><strong>ffihffii</strong></span> <span class='ocrx_word' id='word_1_540' title='bbox 751 3794 1151 3887; x_wconf 45' lang='grc' dir='ltr'><strong>ἕζάζνδῂξξξζξξὲζ“ιξὲᾞξξζῇξῇἷ</strong></span> 
     </span>
    </p>
   </div>
   <div class='ocr_carea' id='block_1_10' title="bbox 74 3874 1152 3947">
    <p class='ocr_par' dir='ltr' id='par_1_13' title="bbox 74 3874 1152 3947">
     <span class='ocr_line' id='line_1_53' title="bbox 74 3874 1152 3947; baseline -0.007 -3"><span class='ocrx_word' id='word_1_541' title='bbox 74 3885 160 3934; x_wconf 57' lang='lat' dir='ltr'><strong>Vivere</strong></span> <span class='ocrx_word' id='word_1_542' title='bbox 177 3895 209 3929; x_wconf 65' lang='lat' dir='ltr'><strong>ex</strong></span> <span class='ocrx_word' id='word_1_543' title='bbox 224 3879 339 3938; x_wconf 64' lang='lat' dir='ltr'><strong>m⁰ft¹¹i⁸¹</strong></span> <span class='ocrx_word' id='word_1_544' title='bbox 349 3890 381 3925; x_wconf 66' lang='lat'><strong>⁰¹</strong></span> <span class='ocrx_word' id='word_1_545' title='bbox 399 3874 503 3935; x_wconf 64' lang='lat' dir='ltr'><strong>sepu¹ti⁵</strong></span> <span class='ocrx_word' id='word_1_546' title='bbox 519 3887 599 3922; x_wconf 56' lang='lat' dir='ltr'>&#39;esur&#39;</span> <span class='ocrx_word' id='word_1_547' title='bbox 623 3898 1098 3947; x_wconf 82' lang='lat' dir='ltr'><strong>convenienlissirnus,absolulctumcnallum</strong></span> <span class='ocrx_word' id='word_1_548' title='bbox 1108 3897 1152 3936; x_wconf 75' lang='lat' dir='ltr'><strong>Deo</strong></span> 
     </span>
    </p>
   </div>
   <div class='ocr_carea' id='block_1_11' title="bbox 73 3944 1080 4062">
    <p class='ocr_par' dir='ltr' id='par_1_14' title="bbox 73 3944 1080 4062">
     <span class='ocr_line' id='line_1_54' title="bbox 73 3944 1080 4062; baseline -0.011 -64"><span class='ocrx_word' id='word_1_549' title='bbox 73 3964 146 4014; x_wconf 73' lang='lat' dir='ltr'><strong>gere,</strong></span> <span class='ocrx_word' id='word_1_550' title='bbox 156 3947 252 4062; x_wconf 54' lang='lat' dir='ltr'><strong>gelebri</strong></span> <span class='ocrx_word' id='word_1_551' title='bbox 268 3956 379 3995; x_wconf 89' lang='lat' dir='ltr'><strong>sermone</strong></span> <span class='ocrx_word' id='word_1_552' title='bbox 396 3944 597 3992; x_wconf 87' lang='lat' dir='ltr'><strong>commemorant.</strong></span> <span class='ocrx_word' id='word_1_553' title='bbox 624 3964 667 3993; x_wconf 84' lang='lat' dir='ltr'><strong>non</strong></span> <span class='ocrx_word' id='word_1_554' title='bbox 677 3952 950 4003; x_wconf 49' lang='lat' dir='ltr'><strong>adamantinorum</strong></span> <span class='ocrx_word' id='word_1_555' title='bbox 960 3951 1080 4040; x_wconf 53' lang='grc' dir='ltr'><strong>ηοίπίεὖιει.</strong></span> 
     </span>
    </p>
   </div>
   <div class='ocr_carea' id='block_1_12' title="bbox 0 0 1384 4794">
    <p class='ocr_par' dir='ltr' id='par_1_15' title="bbox 0 0 1384 4794">
     <span class='ocr_line' id='line_1_55' title="bbox 0 0 1384 4794; baseline 0 0"><span class='ocrx_word' id='word_1_556' title='bbox 0 0 1384 4794; x_wconf 95' lang='lat' dir='ltr'><strong> </strong></span> 
     </span>
    </p>
   </div>
  </div>
 </body>
</html>
