2760 4794
143 381 188 432 illi
542 386 662 430 sllich
677 386 838 431 AMBROSH
898 429 904 437 ,

142 469 225 515 animo
234 480 241 513 ι
251 468 345 516 Morbo
353 467 500 528 pentapolei
507 470 583 514 noctes
591 468 673 514 lectum
698 478 828 527 oppressus
834 463 945 527 potentia
955 464 1066 513 amisisti
1076 466 1192 527 proprias
1201 467 1232 513 ta-

142 548 229 583 socam.
238 535 298 594 Quis
308 536 375 583 enim
383 536 473 595 stupris
481 534 595 594 deditus,
606 534 673 594 tlaql·
698 532 1232 596 cultates‚lndiqensaumtatllementdtlo

143 605 187 651 tiis
194 606 331 665 involutus,
342 604 408 652 lavat
419 604 579 665 persingulas
589 605 673 650 noctes
698 604 760 651 mini
771 604 816 651 Dal
827 603 880 663 tnl;
891 614 923 650 ne
933 613 982 650 uox
994 603 1022 650 te
1032 603 1156 664 egestatis
1163 603 1231 650 abda·

143 673 234 720 lectum
250 672 336 722 suum?
353 674 444 720 Nascon
458 672 518 720 itere
532 673 575 733 qul
591 672 672 719 tlonda
698 673 763 720 cata
778 672 918 721 devotionis
928 670 1030 720 attectn.
1050 674 1108 720 lloc
1119 674 1160 721 est
1173 675 1231 720 enlm

143 742 288 802 committit3
301 743 338 792 ,et
355 754 411 790 cum
428 741 460 789 sit
479 741 533 800 ipse
551 742 672 802 lacryma·
697 741 838 790 mandatum
858 740 943 801 Lagis,
963 742 995 789 ut
1015 742 1045 789 in
1065 742 1147 790 nocte
1163 742 1232 800 mapa

143 809 213 870 bilis,
228 822 277 858 non
292 811 368 858 babet
382 823 462 870 poenas
476 811 597 871 lacrymas
612 822 671 858 suae.
697 823 805 870 querna,
816 811 912 871 quaudo
918 810 997 870 magis
1005 812 1159 860 exaudiaris
1168 816 1182 858 n·
1191 812 1231 857 Do

141 878 172 924 nt
182 878 226 926 ilie
237 879 280 940 qui
292 880 393 938 castigat
403 891 491 938 corpus
501 891 586 937 suum,
597 879 623 925 ot
633 878 672 925 sui
697 879 777 938 mino,
794 879 820 926 ct
831 879 907 938 possis
917 878 1004 926 dicere
1015 891 1024 925 a
1036 881 1067 927 ln
1084 879 1231 927 tribulatione

142 947 262 996 sollicitus
278 949 427 1008 gubernator
444 948 495 1007 est,
513 949 587 1007 atque
602 947 672 1007 ingo·
696 948 801 995 invocavi
814 948 955 1005 Dominum,
974 949 998 994 et
1016 949 1146 997 ¹extaediat
1161 960 1196 995 mc
1209 949 1230 993 io

140 1016 246 1064 miscens
257 1018 281 1064 et
293 1017 377 1065 dolens
394 1017 476 1075 lapsus
486 1014 619 1075 superioris
635 1015 672 1061 ot·
696 1015 825 1064 latitudine.

141 1084 437 1145 tensaquaeritquomodo
448 1084 531 1131 abluat
541 1096 596 1130 eam
607 1083 672 1129 ilett·
726 1084 765 1129 aa.
787 1083 834 1130 Sed
854 1097 902 1132 nec
927 1096 1043 1145 quaerere
1063 1083 1229 1145 perfunctorie

141 1153 187 1200 bus
197 1154 362 1215 poenitontiaa,
379 1153 420 1199 liic
430 1153 496 1198 lavat
505 1164 550 1211 por
564 1151 672 1210 singulas
696 1151 804 1199 abundat
815 1152 847 1200 ad
857 1153 975 1214 gratiam,
992 1153 1039 1200 sed
1054 1154 1086 1200 ut
1098 1153 1196 1200 insistas
1208 1153 1229 1198 at

141 1223 225 1271 noctes
240 1223 332 1270 lectum
348 1233 428 1269 suurn.
451 1221 504 1267 Non
524 1220 671 1267 dormiamus
696 1219 810 1267 intendas
819 1221 924 1268 muneri.
944 1221 1064 1281 Denique
1077 1222 1130 1269 ista
1141 1221 1229 1268 velbe-

140 1303 198 1352 ergo
207 1293 264 1340 totis
274 1290 460 1338 noctibustsed
471 1290 603 1335 maximam
615 1301 671 1348 par·
696 1288 770 1335 alesia
790 1290 832 1336 vel
851 1290 948 1349 anima,
973 1302 1033 1349 quae
1056 1289 1228 1350 requisivitin

139 1360 190 1408 tem
200 1373 284 1408 earum
294 1359 394 1407 lectioni
403 1360 428 1406 et
438 1358 588 1405 orationibus
596 1357 671 1417 depu·
696 1357 787 1417 cubili,
797 1359 911 1419 quaesirit
918 1359 945 1406 in
953 1359 1086 1418 noctibus,
1097 1359 1228 1420 primonon

141 1431 231 1476 temus.
696 1428 804 1489 invenit3
821 1430 879 1489 qnia
889 1429 991 1476 tortasse
1008 1428 1038 1475 ln
1050 1429 1133 1477 cubili
1148 1427 1228 1489 quesi-

170 1499 209 1544 55.
228 1497 290 1545 Audi
306 1496 420 1543 Ecclesiae
436 1507 522 1542 vocem
537 1493 670 1555 querentis
696 1497 732 1544 vit
743 1509 750 1542 t
763 1497 806 1544 sed
816 1498 975 1557 posteaquam
986 1497 1120 1557 surrexit,
1139 1499 1165 1544 et
1175 1496 1227 1544 abiit

141 1565 216 1613 etlam
227 1567 254 1611 in
268 1564 383 1611 noctibus
392 1563 524 1611 christum.
541 1567 570 1611 la
586 1563 669 1619 cubiti,
695 1565 721 1611 in
733 1566 860 1613 civitatem
871 1564 879 1626 (
890 1565 948 1613 vide
964 1576 998 1612 ne
1016 1566 1090 1612 illam
1107 1565 1236 1613 civitatem

141 1634 236 1692 inquit.
255 1647 320 1688 mco,
337 1634 361 1678 in
377 1633 482 1680 noctibas
496 1633 591 1692 quindei
602 1644 669 1691 quom
695 1634 721 1679 in
733 1646 806 1694 qaam
814 1635 933 1681 Dominus
943 1634 1122 1682 celebraturus
1131 1634 1226 1694 macla,

140 1700 220 1747 ddesit
229 1702 376 1759 animemed.
390 1699 671 1759 Accipesecundumlit·
695 1703 827 1764 discipulos
836 1704 968 1753 destinavit
977 1703 1067 1752 dicens
1079 1716 1087 1750 r
1101 1706 1171 1752 ticin
1180 1705 1226 1750 aiot

140 1770 227 1815 teram.
249 1767 367 1825 Quasivit
388 1768 414 1814 in
432 1767 545 1815 noctibus
565 1767 669 1825 orando,
695 1775 766 1820 lacem
784 1775 815 1821 aa
833 1775 956 1834 quemdam
974 1771 984 1834 )
1004 1774 1096 1832 pastea
1113 1784 1185 1834 quam
1203 1771 1226 1818 ln

141 1838 385 1897 deprecando‚etiam
392 1838 505 1897 lacrymis
511 1836 668 1897 deplorando.
695 1839 761 1898 toro,
772 1844 800 1887 ut
810 1840 890 1898 dixit,
901 1839 1034 1900 quaesirtt,
1046 1841 1151 1889 invenit
1159 1848 1226 1900 quem

139 1908 257 1965 Quaesivit
268 1909 295 1954 in
305 1909 431 1966 noelibus3
443 1908 501 1967 quia
511 1907 670 1968 posuittene·
695 1908 799 1968 dilexit,
809 1909 854 1956 ubi
866 1908 949 1956 oleum
959 1908 1096 1968 venditur,
1109 1909 1177 1970 quod
1188 1920 1226 1956 an·

140 1976 196 2022 bras
208 1977 338 2023 latibulum
349 1989 434 2036 snum3
450 1977 479 2022 ut
489 1987 600 2035 quarere
612 1986 670 2021 eum
695 1980 833 2037 spectantes
844 1979 962 2038 Sponsum
972 1990 1060 2026 emere
1070 1979 1225 2034 consuerunt,

139 2045 269 2093 sollicitius
284 2045 443 2092 disceremus.
460 2043 578 2100 Quaesivit
594 2042 670 2102 igitur
694 2046 737 2093 ubl
752 2046 807 2106 ius²
818 2047 861 2095 ubi
872 2048 947 2107 leges.
959 2046 984 2094 sl
1000 2047 1047 2094 lex
1057 2047 1193 2107 spiritalis,
1203 2047 1225 2094 et

108 2174 114 2183 .
138 2114 166 2161 in
176 2115 304 2176 prophetis
320 2114 427 2162 Ecclesia
439 2126 471 2160 ex
484 2113 599 2173 gentibus
611 2125 670 2160 con·
695 2115 774 2162 iorum
785 2116 822 2162 est
832 2116 918 2176 utique
933 2115 1065 2176 spiritale,
1080 2116 1130 2163 ubi
1147 2115 1225 2175 dispu-

139 2185 253 2244 κηρία,
265 2181 358 2230 ntideo
372 2182 488 2229 credidit.
500 2181 612 2240 Denique
626 2182 669 2229 ad·
695 2186 748 2232 tant
766 2185 841 2244 periti
858 2186 920 2246 legis
933 2187 1044 2233 aeternae.
1062 2186 1137 2245 Quod
1152 2185 1225 2233 torum

138 2251 670 2311 ventusdominicltestlmoniadepropbetis
695 2254 1225 2314 nonlitibustumultuosumest‚sedCbristi

139 2321 669 2383 Evangelistael‘aulasqueposueruntllndo
694 2322 859 2371 tribunalibus
874 2323 1015 2382 gloriosum.
1032 2322 1079 2370 Ubi
1099 2320 1225 2383 quesivit,

139 2392 257 2450 scriptum
279 2390 332 2450 est,
353 2392 410 2451 quia
428 2403 478 2436 nox
498 2391 562 2436 nocti
582 2391 670 2438 indicat
694 2391 810 2451 inquam?
824 2394 852 2439 ln
868 2392 919 2440 toro
932 2406 939 2439 a
951 2391 978 2438 et
992 2392 1051 2452 post
1067 2392 1188 2452 quaesivit
1202 2392 1225 2438 in

138 2464 268 2509 scientiam.
281 2460 399 2518 Quaesivit
406 2459 433 2505 in
443 2458 569 2517 noctibus,
582 2457 606 2503 in
614 2472 670 2517 per·
694 2458 798 2519 plateis,
814 2460 945 2522 dequibus
960 2459 988 2507 m
999 2460 1045 2519 qui
1056 2459 1088 2506 ad
1104 2461 1185 2521 patris
1193 2459 1225 2506 ta-

140 2530 306 2577 secutionibus
318 2529 343 2576 et
353 2528 477 2586 adversis,
495 2527 521 2572 in
533 2526 670 2574 tribulatio-
694 2528 775 2576 milias
793 2529 935 2588 Evangelici
955 2528 1090 2588 prandium
1111 2528 1225 2575 convent·

139 2599 213 2644 nibus
224 2597 381 2646 etlaboribus
391 2596 468 2643 duris.
480 2597 533 2641 Nox
544 2597 581 2641 est
593 2598 669 2642 omni·
695 2597 763 2654 rent,
780 2597 969 2657 colligebantur,
988 2597 1033 2655 qui
1051 2597 1137 2644 vocati
1154 2609 1225 2644 excu-

140 2666 185 2712 bus
196 2666 286 2725 quibus
300 2678 348 2711 non
361 2665 398 2710 est
411 2663 521 2723 perlecta
536 2665 667 2723 securitas3
694 2665 796 2712 solidum
819 2679 844 2713 se
865 2667 895 2712 ab
914 2665 1058 2723 huiusmodi
1077 2667 1163 2726 epulis
1180 2679 1225 2713 non

139 2733 205 2780 unde
218 2733 253 2779 ait
264 2732 396 2779 Dominus:
406 2733 486 2780 Veniet
497 2745 561 2788 noro,
576 2735 669 2791 qnando
694 2732 819 2789 putarunt.
836 2733 994 2792 Posteaquam
1005 2733 1032 2779 in
1043 2732 1114 2792 toro,
1127 2735 1225 2794 inquam

139 2816 207 2850 nomo
216 2804 289 2862 potent
298 2804 391 2861 operom'
397 2816 405 2861 ,-
417 2801 472 2848 cum
483 2802 509 2847 in
521 2802 566 2847 hoc
577 2802 668 2848 mundo
694 2801 719 2846 et
728 2801 816 2858 plateis
827 2801 953 2860 quaesivit,
972 2800 1063 2849 incidit
1080 2802 1108 2847 in
1126 2815 1169 2848 eos
1185 2802 1224 2861 qui

140 2883 207 2930 sum,
224 2871 268 2916 lux
284 2869 357 2928 liujus
368 2869 452 2917 mundi
470 2882 532 2916 sum.
548 2871 599 2917 Non
612 2884 668 2930 ergo
692 2869 847 2917 circumeunt
858 2869 984 2916 civitatem
996 2881 1003 2914 a
1017 2869 1044 2916 et
1055 2871 1116 2917 tunc
1127 2871 1224 2917 demum

139 2952 270 3000 operemur
287 2939 442 2986 intenebris.
459 2938 484 2984 Si
501 2938 568 2985 onim
584 2940 668 2988 lucent
693 2939 895 2997 potuitinvenire
907 2939 971 2998 quod
981 2939 1112 2997 quesivit,
1125 2939 1225 2988 tortasse

139 3021 214 3068 opera
230 3007 326 3067 nostra,
341 3020 391 3054 uon
407 3019 537 3067 operamur
554 3007 579 3054 in
596 3010 668 3057 tene·
693 3008 796 3066 eoquod
812 3009 839 3053 ln
851 3007 1010 3054 tribulatione
1027 3008 1055 3054 et
1067 3009 1140 3054 metu
1150 3008 1224 3067 posita

139 3079 203 3137 bris,
221 3077 267 3124 sed
282 3077 308 3124 in
323 3077 427 3124 lumine.
447 3077 505 3124 Dies
524 3076 561 3124 est
577 3079 667 3137 quibus
692 3077 887 3135 magisinveniat
895 3077 1007 3134 gratiam.
1016 3076 1134 3136 Denique
1141 3079 1168 3123 in
1175 3090 1224 3138 pos·

139 3146 208 3195 adest
218 3147 328 3194 Christus
340 3157 346 3191 :
359 3157 409 3191 non
425 3144 461 3192 est
476 3146 567 3204 quibus
582 3159 608 3194 se
624 3147 667 3196 de·
692 3144 1224 3205 tertoribusait:lnocneraattmeqaiciroam·
1250 3193 1255 3203 ‚

139 3217 220 3274 nogat.
692 3217 746 3260 coia
757 3216 909 3262 ciuitatem...
928 3215 1031 3261 tuterunt
1042 3213 1102 3260 mibi
1116 3216 1221 3274 palliano

169 3285 207 3331 5b.
224 3286 275 3330 Non
295 3295 409 3342 magnum
429 3296 486 3344 ergo
504 3284 525 3331 si
543 3284 600 3332 tunc
618 3287 667 3333 no.
692 3283 783 3328 llabuit
806 3295 863 3343 ergo
886 3284 1034 3330 certamena
1055 3283 1099 3329 sed
1120 3295 1171 3342 qua
1188 3293 1223 3328 ra·

139 3354 205 3400 mino
217 3353 306 3411 gratias
317 3364 387 3410 agas,
398 3353 494 3412 quando
505 3354 531 3400 in
544 3355 667 3413 prosperis
691 3351 758 3397 tione
771 3364 845 3410 supra
858 3365 906 3398 non
920 3352 1024 3397 tulerint
1037 3351 1162 3410 pallium,
1176 3351 1223 3396 ha·

139 3422 166 3468 ot
181 3420 294 3468 secundis
309 3432 335 3467 es
351 3434 357 3466 :
374 3421 416 3468 sed
431 3422 450 3468 si
466 3424 525 3469 tuno
542 3422 667 3470 adhaereas
692 3433 734 3467 reo
746 3422 869 3481 reperire;
887 3420 935 3467 nisi
948 3420 1010 3466 torto
1022 3420 1082 3479 quia
1093 3419 1131 3465 ibi
1148 3421 1223 3465 inter-

138 3489 247 3546 christo,
259 3488 355 3548 quando
364 3492 387 3536 te
396 3491 536 3548 perseeutor
545 3491 666 3550 exagitat,
691 3502 787 3548 rogasse
799 3502 824 3536 se
837 3490 902 3536 dixit
914 3503 920 3535 :
934 3490 1053 3547 Nuonqaid
1064 3502 1134 3547 quam
1147 3486 1222 3535 ditcait

138 3557 235 3618 quando
244 3558 326 3616 aliqua
336 3559 442 3616 procella
453 3556 587 3616 perturbat.
599 3560 667 3604 Anni·
692 3562 773 3606 antinoo
785 3574 850 3616 anca,
862 3557 966 3606 vidistis?
980 3558 1039 3615 Qum
1050 3558 1179 3606 Christum
1190 3558 1222 3603 lo·

94 3627 99 3638 ⁴
139 3624 291 3674 sistitiliam?
302 3628 329 3672 ln
338 3627 380 3672 illo
390 3627 480 3683 doloro,
490 3625 516 3670 in
530 3625 665 3686 mamete,
690 3630 825 3686 quebatur,
834 3641 879 3675 uec
888 3629 963 3674 exuta
972 3629 1009 3675 est
1017 3627 1103 3686 pallio,
1116 3627 1222 3687 etquern

139 3693 666 3743 inilladestitutionemomentoDominiDei
691 3698 827 3756 quaerebat,
839 3697 942 3743 inveniti.

138 3764 189 3823 tui;
204 3778 235 3811 no
247 3766 315 3826 quasi
327 3777 376 3812 non
392 3762 538 3821 exauditus,
558 3763 666 3823 ingratus
726 3766 764 3812 56.
782 3767 856 3813 Disco
874 3764 1081 3825 quemadmodum
1099 3763 1223 3824 quaeratur

137 3834 185 3893 sis,
195 3835 219 3882 et
227 3835 253 3880 in
261 3836 303 3882 tua
310 3831 478 3893 praevariceris
486 3845 600 3879 arumna.
610 3835 665 3880 Pul·
691 3835 807 3882 Christus.
819 3835 852 3880 ab
861 3835 900 3881 his
907 3833 1041 3894 utiquequi
1050 3845 1101 3879 non
1108 3832 1223 3892 pentane·

138 3916 179 3950 sus
199 3916 225 3951 es
240 3905 266 3949 in
282 3898 411 3950 exsilium?
430 3901 550 3948 blemento
568 3902 666 3949 Domini
691 3905 753 3952 toria
770 3904 896 3964 quaerunt,
912 3903 955 3951 sed
963 3904 1089 3950 violenter
1099 3902 1223 3960 retinent,

138 3972 183 4018 Dei
195 3971 247 4031 tui;
257 3982 289 4017 ne
300 3968 385 4028 patriae
396 3968 533 4016 interdicta
548 3970 609 4028 tibi,
624 3983 666 4018 ca·
691 3974 754 4021 sicut
771 3974 817 4020 ista
831 3986 886 4032 quae
904 3972 956 4019 ait:
971 3973 1045 4018 Tenui
1056 3984 1125 4027 eam,
1140 3973 1163 4018 ct
1178 3984 1225 4017 noa

138 4041 237 4089 ritatem
248 4041 300 4087 Deo
315 4038 438 4100 praetoras.
457 4039 567 4098 alicujus
583 4032 666 4091 divitis
691 4043 769 4090 dionisi
783 4054 850 4099 onon,
866 4040 913 4087 side
931 4039 1040 4099 invenit,
1060 4038 1224 4088 meditatione
