2760 4794
157 396 203 444 tii
548 396 668 442 sancti
683 395 845 441 tibilillosli
1031 436 1034 441 .

155 480 287 536 temtrepas
303 480 411 526 insolens
422 477 476 538 tyro
493 475 646 538 doctoribus;
657 479 682 526 et
708 475 895 538 propinquabat.
910 475 979 523 Unde
994 473 1129 522 iudaicam
1146 475 1244 523 sanctus

154 547 198 606 qui
214 546 295 593 adbuc
309 547 403 594 dissere
413 546 518 604 debeas,
528 545 611 593 dicere
622 559 682 605 prae·
707 546 786 592 David
796 545 920 605 refugiens
937 543 1077 593 cecinam
1088 543 1127 591 aii
1139 556 1147 589 s
1159 545 1244 592 Nedo-

154 626 244 661 sumas.
254 614 319 673 Quid
329 614 407 674 igitur
415 614 456 661 isti
464 615 545 674 patres
552 614 682 662 annuntia·
706 616 776 662 dacus
785 627 822 662 mc
837 615 863 661 io
880 614 1001 661 ἀίωἱόἰιιη
1014 613 1110 658 dmm
1124 624 1244 660 m.

154 682 237 730 verint
246 682 306 730 Cure
316 682 375 730 titiis
385 682 523 732 audiamus.
706 683 745 730 Sic
755 683 822 730 enim
834 681 888 729 dies
898 680 996 728 bomini
1011 691 1120 738 macnus
1135 681 1164 727 et
1174 679 1244 726 illus-

183 748 292 811 tiopus,
303 750 399 811 inquit,
410 753 471 812 quod
488 755 596 812 operotm
613 766 637 801 er
655 754 681 800 in
706 751 811 808 trisest,
823 751 910 811 utique
926 747 1245 809 nonprolixitatutempo·

153 816 234 866 dicias
244 820 356 879 antiquis.
366 819 415 877 Qui
421 818 471 866 sini
478 819 520 866 isti
530 819 583 867 dies
594 820 682 879 inqui-
706 818 753 875 ris,
773 818 818 865 sed
833 817 937 877 justitias
952 817 993 863 vel
1009 815 1100 876 gratias
1118 814 1243 864 cusan

152 883 276 933 basileus
289 899 376 946 magna
390 886 416 933 et
430 887 554 934 mirabilia
568 890 681 947 operatus
705 887 766 945 Ergo
775 885 935 933 suutdimidii
943 883 1010 942 dies,
1020 883 1119 943 quibus
1127 882 1244 930 brevian-

152 952 204 1012 sit,
214 954 376 1013 requiramus.
384 956 415 1003 rt
423 955 497 1002 docet
505 967 550 1002 nos
557 956 681 1015 Scriptura
706 954 747 1000 tur
757 954 809 1000 dies
824 952 959 1011 impietatis
974 949 1144 1011 calipius,·et
1163 948 1244 1009 squi-

152 1032 207 1068 esse
217 1022 313 1081 aliquos
329 1023 458 1082 praecbros
474 1023 529 1070 dies
549 1023 682 1083 inquibus
706 1024 757 1070 lore
770 1021 894 1082 pertidia,
912 1021 1002 1081 quibus
1019 1021 1107 1067 occidit
1120 1020 1158 1068 sat
1175 1032 1244 1080 aspar

144 1080 297 1139 'retulserint
315 1090 379 1141 tacta
394 1090 493 1149 divina3
514 1103 571 1138 cum
587 1091 680 1138 lectum
703 1091 842 1151 propbetas,
856 1090 922 1137 sicui
934 1088 1053 1148 scriptum
1070 1087 1122 1135 est.
1132 1088 1242 1147 llanqu

153 1156 199 1216 sit,
209 1157 268 1218 quia
281 1159 316 1207 soi
329 1161 356 1206 in
371 1159 478 1207 medrus
492 1162 645 1216 consuletur,
659 1163 681 1207 ci
705 1159 733 1206 ut
742 1157 818 1205 iustis
827 1157 906 1205 uritur
918 1157 955 1206 sol
962 1155 1086 1216 justitim
1098 1154 1137 1203 sle
1150 1153 1242 1204 occid}

152 1223 398 1285 tumiusnnquinm‚
407 1227 680 1285 pricoqaomvssioitics
705 1226 853 1273 infidelibus.

151 1293 249 1340 Domini
257 1305 358 1352 mmai
365 1295 386 1341 ct
396 1293 503 1347 illustris·
513 1295 545 1340 iii
555 1294 599 1340 erit
604 1323 613 1349 ‚
629 1294 681 1352 qai·
735 1296 759 1342 7.
767 1294 814 1342 sed
822 1292 929 1342 occurrit
939 1291 1003 1340 illud
1010 1290 1071 1352 quia
1082 1290 1149 1340 dicit
1156 1290 1241 1340 Doni·

151 1372 250 1422 cumque
266 1362 407 1411 invocaverit
416 1374 501 1409 nomeu
510 1362 621 1417 Domini,
632 1362 681 1408 sni-
704 1376 750 1412 nus
761 1377 769 1409 ε
780 1367 879 1424 Propter
898 1364 981 1410 clectos
999 1361 1176 1410 breviabuntur
1185 1363 1239 1410 diss·

152 1441 194 1476 eur
202 1430 255 1476 crit.
271 1429 300 1476 lu
310 1429 367 1488 ipso,
381 1428 449 1476 cuim
459 1429 500 1477 die
515 1428 624 1479 Christus
635 1428 681 1473 ho-
705 1434 734 1478 rt
749 1432 847 1480 videtur
857 1429 1006 1479 sonnatium
1015 1463 1023 1489 ,
1032 1429 1086 1477 nisi
1104 1430 1237 1490 museus

151 1495 421 1554 minibusresurrexit3
434 1496 459 1547 et
473 1494 529 1542 ideo
540 1495 681 1554 specialiter
705 1500 830 1558 advertas,
849 1500 876 1548 et
891 1499 1018 1559 superiora
1037 1499 1159 1560 repetas3
1181 1499 1238 1547 dicit

141 1563 184 1611 de
202 1563 256 1624 ipso
274 1564 368 1612 dictum
379 1562 416 1610 est
428 1578 436 1610 .·
451 1565 495 1610 liic
510 1567 545 1615 esi
555 1565 602 1612 dics
613 1577 680 1623 quem
705 1568 771 1614 enim
789 1568 926 1615 Dominus:
944 1569 1009 1614 ibae
1022 1567 1111 1626 siquis
1121 1568 1190 1616 uobis
1204 1569 1238 1616 di·

151 1633 331 1692 feeitiiominaa
342 1647 351 1680 s
362 1633 491 1680 assumus
501 1634 524 1680 ct
541 1633 680 1681 loebmuriu
704 1637 766 1682 aerii
776 1650 785 1682 .-
796 1637 854 1682 b'cce
868 1635 904 1681 bic
914 1635 1032 1691 cousus,
1046 1637 1093 1682 nait
1104 1648 1158 1683 soca
1175 1636 1237 1693 illic,

151 1713 190 1747 eo.
199 1701 259 1754 Cum
269 1700 344 1759 igitur
354 1712 439 1749 omnes
448 1699 502 1747 dies
510 1700 576 1749 Deus
584 1700 679 1759 iecerit,
704 1705 773 1751 nolite
781 1705 985 1764 mdercSurqcnl
992 1703 1237 1762 coimmudoebrirti,

151 1768 212 1816 nuic
220 1769 302 1816 umen
310 1769 361 1816 diei
372 1781 422 1827 prae
430 1768 524 1816 essens
534 1767 613 1816 divini
623 1781 681 1828 ope·
704 1771 1237 1834 etpaudopropbeioe,ctdobuatsiqnomqro

151 1837 188 1886 ris
198 1838 357 1898 prerogativa
367 1837 448 1886 delata
466 1837 518 1896 est,
537 1849 584 1897 quo
594 1851 681 1898 pecca·
703 1843 726 1887 ei
734 1843 854 1900 modeim
862 1842 898 1887 ilc
907 1841 966 1886 ulia
975 1851 1084 1886 errorem
1093 1835 1237 1886 indicemini·

148 1904 207 1953 tum
221 1918 293 1953 omne
311 1905 435 1954 sublatum
456 1905 502 1953 est.
517 1905 577 1956 Dies
597 1907 680 1953 autem
704 1910 870 1969 diieripotest,
881 1910 954 1955 etium
962 1908 1069 1954 chettlit
1080 1907 1186 1959 ideone
1196 1907 1236 1957 de

151 1973 197 2026 alii
206 1974 364 2034 peccatorum
381 1973 445 2024 sunt.
457 1974 503 2023 liic
514 1985 570 2033 erqo
579 1975 617 2021 esi
627 1975 680 2022 dies
705 1977 827 2036 cipiantur
834 1976 918 2035 electi,
928 1975 1174 2023 admonetbominus
1181 1974 1236 2036 quid

151 2053 228 2101 quem
236 2041 385 2092 illuminavit
395 2043 430 2090 sol
446 2043 489 2090 ille
497 2042 609 2100 justitias.
620 2043 679 2090 llam
704 2043 1235 2105 sequendumsiizuinoniaisorumprople

151 2109 680 2170 etipsnortussuosetoceasnshaberecon·
704 2114 784 2160 tarum
804 2126 915 2161 sermone
934 2114 1072 2171 capiamur,
1094 2125 1179 2173 neque
1194 2125 1234 2160 nos

151 2179 244 2228 suerit.
255 2180 324 2227 Unde
340 2181 367 2228 et
379 2181 497 2241 scriptum
513 2181 569 2229 est:
587 2182 680 2230 orietur
704 2193 788 2228 eorum
796 2179 1233 2242 aliquaprodiqiosaiactadocipiants

151 2250 178 2297 iu
195 2250 274 2299 diebus
291 2250 340 2310 ejas
356 2251 459 2309 iustitio.
477 2251 539 2301 sunt
555 2263 612 2310 erqo
627 2251 680 2298 dies
704 2251 814 2314 sedtunc
832 2250 960 2297 credamus
973 2249 1167 2298 christanum
1176 2261 1233 2296 ren»

150 2317 240 2366 Christi
248 2319 680 2379 quinusutcjniioaestssuntoies
704 2320 800 2378 turum,
812 2331 868 2365 cum
878 2319 931 2365 dies
947 2317 1015 2377 pleni
1032 2317 1140 2374 iustitiae
1154 2329 1232 2378 cmpr-

148 2387 240 2437 (ibristi
257 2390 348 2448 quibus
358 2389 411 2436 orta
426 2389 464 2439 est
473 2389 540 2448 pacis
552 2389 680 2436 abuudan-
703 2386 753 2433 riui
763 2386 894 2444 reiulqere.
902 2386 1010 2433 christus
1018 2386 1173 2445 enimpleno
1184 2396 1232 2432 ma-

150 2455 188 2503 iia
199 2457 272 2504 :sunt
290 2456 344 2504 dies
360 2456 448 2503 christi
468 2457 556 2516 quihus
573 2457 625 2504 orta
641 2469 679 2503 sa·
701 2453 1232 2514 testatissuaebrminerevelabitur30tsicut

150 2522 246 2582 pientia
255 2523 301 2570 est.
313 2523 500 2582 ludiquomodo
509 2524 633 2571 exoriatur
642 2536 680 2570 sa·
704 2522 785 2583 fulgur
803 2523 857 2570 exit
874 2523 905 2568 ab
923 2523 1032 2580 oriente,
1044 2522 1070 2568 et
1080 2522 1136 2570 toto
1151 2524 1230 2570 lumen

150 2589 245 2650 pientia
255 2592 357 2649 :Siquis
367 2592 553 2649 videtursopieos
564 2605 610 2639 csse
619 2594 679 2640 iuter
703 2604 774 2638 suum
784 2603 862 2651 usque
874 2593 899 2638 in
910 2591 1064 2638 occidentem
1074 2592 1137 2640 orbe
1147 2592 1231 2638 ditiun·

150 2658 677 2718 vosiu,boosaesoio,stuitvsfiototsitsopiens.
703 2659 740 2705 dit
752 2672 758 2705 ε
770 2660 805 2705 sic
815 2661 840 2706 et
848 2659 925 2705 Filius
937 2659 1043 2706 hominis
1053 2671 1114 2706 cum
1124 2661 1175 2708 suis
1185 2663 1230 2708 An-

150 2726 245 2782 Etideo
256 2724 679 2786 dicitSapientia,qusesiultaistius
702 2726 764 2785 pelis
783 2728 886 2775 veniens
905 2727 1058 2775 illuminabit
1076 2728 1147 2776 bunc
1160 2741 1230 2777 mun·

148 2796 238 2843 mundi
250 2796 324 2856 elegii
335 2809 341 2842 =
353 2796 467 2844 Dominus
478 2798 563 2844 eeneii
571 2799 679 2856 mepan—
702 2799 774 2858 dum3
786 2801 814 2847 ni
825 2800 908 2847 credat
928 2799 1108 2860 omnishomo,
1125 2801 1153 2848 ei
1167 2803 1229 2850 salua

149 2868 236 2926 sipisim
241 2868 335 2913 viarm
340 2879 438 2912 morum
445 2867 471 2912 iu
476 2879 545 2925 opero
550 2880 603 2914 suo.
610 2865 679 2915 Sicut
702 2867 743 2914 tint
755 2870 903 2916 omniscaro.
914 2869 966 2915 lion
976 2880 1034 2928 ergo
1044 2869 1175 2917 credamus
1184 2870 1230 2917 An·

151 2935 253 2984 enimin
262 2935 349 2983 diebus
358 2935 421 2983 Orias
433 2936 514 2994 regis,
524 2936 549 2982 et
558 2935 584 2981 in
592 2936 678 2983 diebus
701 2936 825 2995 iicbrisio,
836 2937 867 2984 de
879 2934 1076 2997 qnodicenttnlsi
1086 2937 1228 2997 propbeta:

149 3004 459 3052 Nabuchodonosorexorta
468 3003 568 3062 pertidia
576 3003 678 3062 est,do-
702 3005 747 3050 iiic
765 3008 802 3053 est
820 3005 1090 3064 christns;.dies.enim
1107 3006 1229 3066 pertidia,

81 3073 83 3078 ’
147 3074 244 3121 minata
251 3073 392 3134 captiuitas;
402 3073 437 3121 sic
448 3073 474 3120 in
486 3073 572 3120 (liebus
580 3073 677 3120 bomini
702 3074 775 3120 eruut
785 3073 928 3121 antichristi
935 3073 1054 3121 diesliun
1063 3075 1193 3122 credamus
1200 3075 1230 3122 iis

149 3143 210 3190 lesu
220 3144 305 3190 exorta
317 3143 354 3189 est
369 3142 441 3201 fides,
453 3154 507 3201 quae
522 3141 677 3199 splendorem
701 3141 743 3200 qui
756 3142 855 3189 dicent:
867 3143 976 3191 Christus
987 3142 1014 3189 in
1025 3143 1139 3203 deserto,
1150 3144 1230 3191 cirris·

149 3224 201 3258 suas
211 3211 328 3258 claritatis
338 3211 363 3257 et
373 3210 472 3257 luminis
481 3210 597 3256 ioloorbe
606 3210 677 3255 diliu-
702 3211 740 3257 tus
757 3210 784 3255 in
801 3211 982 3271 penetralibus;
995 3210 1046 3268 jam
1065 3211 1136 3258 enim
1151 3213 1230 3260 omnia

149 3280 196 3327 dit.
206 3281 257 3339 Qui:
264 3281 330 3326 enim
340 3281 455 3326 meliores
464 3279 530 3337 dies,
541 3291 614 3337 mam
623 3279 677 3338 qui·
701 3279 774 3337 plena
791 3278 848 3325 sunt
860 3279 963 3339 Christi,
974 3279 1018 3325 ubi
1033 3279 1230 3339 appropinquare

149 3351 197 3397 bus
206 3348 304 3395 refulsit
311 3346 382 3394 nobis
392 3348 455 3394 risio
464 3348 527 3404 Dei3
538 3347 602 3394 sicut
612 3347 677 3394 dixit
701 3347 804 3407 coeperit
821 3347 939 3394 Christus.
959 3347 1008 3394 Sed
1025 3348 1230 3396 eum-viderimus

149 3413 677 3473 Jacothieenimscripiumest:Vidilieum
701 3412 764 3459 iacta
772 3413 971 3472 qnaechristusin
979 3413 1112 3473 Evangelio
1121 3427 1167 3462 suo
1175 3416 1230 3464 ante

150 3485 210 3544 focis
222 3483 356 3542 adfaciem
366 3483 387 3528 et
401 3483 466 3529 coiea
479 3481 543 3540 foeta
552 3483 585 3528 est
595 3483 677 3529 anime
701 3481 827 3540 praedixit,
843 3481 901 3530 tunc
918 3481 1046 3529 credamus
1065 3480 1122 3538 ejus
1138 3484 1230 3530 adven·

148 3551 218 3599 mcot
227 3552 260 3597 iii
270 3550 482 3597 solinneccrius
495 3551 528 3596 est
537 3550 608 3597 dael.
616 3548 676 3607 Quis
701 3551 767 3608 tum3
779 3562 812 3596 ne
823 3550 881 3597 dum
891 3562 978 3598 verum
988 3548 1122 3608 quaerimus
1132 3551 1230 3608 lumen,

148 3617 198 3665 iste
216 3616 265 3675 sol,
275 3616 324 3663 nisi
334 3615 376 3675 qui
392 3614 512 3662 diestecit
521 3615 615 3674 fulgere
622 3617 676 3674 ius-
700 3617 851 3665 infidelitatis
858 3619 973 3666 tenebras
983 3617 1130 3664 incidamus.

149 3684 323 3744 ouae,quinus
333 3685 360 3730 iu
367 3683 432 3730 terra
440 3683 556 3734 natusest
566 3684 676 3733 Christus
729 3685 753 3732 8.
764 3685 875 3733 Cavenda
889 3698 946 3746 ergo
957 3685 1026 3744 signa
1035 3683 1163 3743 perfidias,
1172 3683 1230 3743 qui·

148 3750 309 3812 convirginei
323 3752 351 3797 ln
368 3750 450 3812 specio
464 3751 528 3804 sidit
544 3753 633 3813 iacob,
651 3754 677 3801 et
701 3752 746 3800 bus
756 3753 900 3800 breviantur
916 3754 970 3802 dies
985 3755 1057 3812 atque
1072 3751 1229 3800 minuuntur.

149 3821 232 3869 Deum
247 3820 337 3868 vidisse
347 3832 373 3868 se
384 3820 449 3867 dixit
460 3822 507 3868 :in
521 3822 626 3869 veritate
637 3821 676 3868 vi·
700 3820 740 3869 Sol
751 3821 818 3869 enim
835 3823 1018 3880 obscurabitur,
1031 3820 1112 3886 stellae
1124 3820 1230 3880 cadent,

150 3890 240 3938 derunt
248 3889 341 3948 ludaei,
353 3889 432 3936 etnon
443 3889 608 3940 crediderunt.
619 3890 675 3938 ideo
700 3890 746 3937 boc
756 3891 807 3949 est,
821 3891 881 3949 justi
892 3891 952 3950 Dei3
966 3890 1023 3938 sunt
1034 3890 1105 3937 enim‘
1118 3891 1164 3951 qui
1182 3889 1229 3937 iul·

150 3959 201 4009 illis
207 3958 311 4007 breviati
317 3957 445 4017 sunidies,
453 3958 674 4018 nobisilluminati3
699 3958 772 4016 geant
781 3959 844 4005 sicut
855 3958 932 4006 stellae
942 3959 969 4005 iu
977 3959 1046 4006 coelo.
1054 3959 1116 4005 Cum
1127 3959 1181 4006 baec
1192 3959 1229 4007 vi·
1268 3969 1271 3977 ·

150 4027 266 4092 qnoniam
276 4026 462 4086 illisdeiiclebat
475 4026 542 4087 dies,
553 4025 677 4088 nobisap·
695 4026 780 4104 ¹cieris,
795 4027 866 4078 crede
884 4027 963 4077 adbuc
978 4025 1075 4103 tardare
1088 4026 1229 4088 Christum
