2760 4794
400 453 567 498 lboeooln
581 455 684 500 olli'in
698 457 836 506 ALTERA.
1130 458 1161 506 23

85 541 134 578 non
144 528 232 579 adurit
241 531 294 580 lioli
303 531 333 580 ad
344 533 426 592 ignem
436 534 562 582 accedere.
568 535 611 583 Vis
634 539 693 587 sicat
704 541 751 588 dier
761 542 824 601 eoeii3
835 542 876 600 qui
891 541 973 589 dolum
984 541 1086 600 iecerit,
1101 556 1159 602 poc-

85 611 135 646 non
155 600 318 661 praecipitarit
328 602 444 650 Nutantia
464 603 535 662 iuge,
545 616 610 676 pree-
634 604 689 650 cata
699 618 748 653 non
755 607 859 655 vicerit?
870 608 899 655 Et
908 609 1028 668 quomodo
1039 609 1157 667 scriptum

85 666 156 725 rupta
165 680 238 726 eave,
247 668 339 716 caduca
349 667 446 715 declina
457 670 482 715 et
492 670 609 719 labantia.
634 673 826 722 estrltemosiue
834 679 944 735 peceato,
951 677 999 723 niel
1006 688 1071 722 unus
1079 675 1158 722 licus?

113 736 151 782 la.
161 737 235 785 Vides
250 736 327 796 igitur
337 737 364 783 in
374 737 477 796 illisqui
486 738 547 796 iusti
557 751 610 786 esse
634 738 659 786 Si
670 741 746 801 igitur
753 754 803 790 non
811 744 893 803 potest
902 757 953 791 non
964 757 1017 791 esse
1027 747 1106 802 Deus,
1115 745 1156 802 qni

82 806 237 865 moruerunt,
254 818 305 854 nou
323 807 426 854 alteram
441 806 517 854 titisse
537 808 610 854 natu-
633 810 679 856 liei
690 810 755 858 lilius
770 813 822 870 est,
836 814 923 872 utique
933 813 979 860 Dei
990 812 1056 859 tilius
1065 812 1158 859 arbiter

80 884 152 933 ram,
167 873 219 928 [sed
241 876 345 922 alteram
366 874 532 934 disciplinam.
553 877 609 924 Post
631 876 733 933 justitia
744 881 794 939 est,
805 892 856 928 non
868 881 989 928 obnoxius
999 881 1086 939 culpa.

80 942 154 999 primi
164 944 271 990 bominis
280 945 390 1004 lapsum,
400 944 541 1004 iustamque
553 958 609 993 sen·
661 946 701 994 22.
720 948 773 1006 Qua
788 949 872 997 autern
889 949 1004 1010 opinione
1023 949 1065 996 rel
1080 946 1157 994 David

79 1012 256 1071 tentiam,oum
266 1013 292 1060 in
299 1014 434 1061 unoearnis
441 1014 569 1062 damnatus
577 1015 609 1063 sit
631 1013 677 1062 Dei
694 1016 773 1064 fliium
791 1017 926 1078 iudicatis,
945 1018 987 1065 vel
1004 1017 1159 1063 Salomonem

79 1082 321 1143 appetitus‚vrmum
331 1082 407 1132 traxit
415 1083 535 1144 conditio,
546 1085 608 1131 inte·
632 1085 737 1141 putatist
747 1088 783 1134 An
791 1087 848 1146 quia
859 1086 977 1146 scriptum
988 1087 1040 1133 est:
1049 1089 1112 1133 Deus
1117 1084 1158 1141 jac·

78 1149 113 1196 cit
124 1150 198 1215 eulpa
215 1152 329 1199 naturam
340 1163 347 1196 r
358 1151 402 1198 sed
419 1152 513 1199 uaturae
531 1152 608 1211 ipsius
632 1153 716 1199 dicium
727 1157 792 1202 taem
807 1158 858 1214 repr·
871 1157 916 1212 do,
928 1158 950 1201 et
959 1155 1077 1213 justitiam
1092 1155 1157 1198 loom

77 1218 169 1266 vitium
182 1221 243 1268 tides
257 1221 419 1280 temperarit,
431 1223 457 1268 et
472 1221 609 1269 devotionis
632 1220 678 1274 filio
688 1225 762 1282 reqts3
777 1223 804 1268 et
812 1224 871 1281 quia
880 1223 969 1270 titulus
981 1222 1070 1281 psalmi
1078 1219 1106 1265 iu
1115 1218 1158 1263 Sa·

81 1284 186 1334 interitio
197 1287 320 1345 mitigavit
330 1288 455 1335 oileusam.
634 1287 754 1350 iomanem
763 1292 886 1349 psalmom
893 1301 956 1336 nxxr
965 1289 1026 1335 dicit
1034 1299 1086 1335 esse
1094 1298 1159 1333 eom-

110 1352 150 1401 20.
162 1355 339 1402 convertimini
350 1355 467 1414 igiturad
477 1356 608 1404 Dominum
633 1356 753 1412 positum?
767 1359 816 1406 Sed
827 1372 899 1419 quem
910 1358 1062 1405 Salomonem
1078 1355 1158 1413 dicat,

81 1424 179 1482 pentes,
190 1423 276 1471 scitote
287 1426 404 1484 quoniam
413 1425 532 1484 Dominus
541 1425 608 1473 Deus
632 1423 761 1472 advertite.
775 1427 889 1474 Salomon
900 1427 967 1473 euim
980 1425 1095 1486 paeiticus
1105 1427 1157 1482 est,

80 1493 117 1546 est
125 1488 135 1537 'r
146 1493 199 1551 ipse
210 1492 270 1540 iecit
279 1505 331 1551 uos,
343 1494 369 1541 et
379 1505 428 1539 non
435 1494 482 1552 ipsi
490 1491 545 1540 nos.
553 1493 607 1541 Sei·
631 1493 678 1540 boc
686 1493 760 1541 babet
767 1495 947 1554 interpretatio.
954 1493 1156 1541 Psalmusineum

78 1559 129 1606 tote
150 1561 266 1619 quoniam
287 1573 343 1608 caro
364 1573 448 1608 sumus
468 1561 495 1608 et
513 1561 604 1621 pulvis.
630 1559 734 1620 dieitur,
750 1575 825 1622 qoem
836 1575 895 1610 vere
914 1563 1005 1610 scimus
1017 1573 1070 1609 esse
1087 1561 1157 1621 pacis

76 1627 253 1688 Relinquamus
263 1642 320 1690 ergo
330 1643 386 1690 quar
395 1629 513 1688 lecimus,
526 1630 551 1677 et
565 1631 606 1690 ip-
629 1629 761 1677 auctorem.
770 1632 896 1690 Quomodo
903 1632 986 1678 autem
993 1631 1106 1677 Salomon
1114 1642 1156 1688 pa·

76 1709 131 1742 sum
151 1699 228 1746 nostri
246 1711 396 1747 veneremur
411 1699 551 1757 auctorem,
562 1699 604 1759 qui
629 1699 729 1748 citieus?
739 1703 791 1750 lton
802 1703 848 1749 hoe
858 1703 918 1749 ioab
926 1700 1026 1761 sanguia
1034 1699 1153 1758 ostendit,

76 1764 153 1812 vitam
164 1766 245 1827 dedit,
253 1769 355 1827 peecata
365 1767 478 1827 donarit,
489 1768 532 1826 qui
540 1769 605 1815 solus
628 1779 703 1825 quem
713 1770 779 1817 iuter
788 1771 875 1818 altaria
884 1770 971 1830 templi
978 1769 1050 1827 iussit
1058 1767 1153 1814 occidi:

77 1834 156 1890 potest
171 1835 253 1884 dicere
266 1851 272 1883 ε
290 1840 342 1897 tipo
358 1849 422 1893 mm,
433 1849 474 1896 epo
489 1848 553 1893 mm,
565 1842 606 1896 qui
628 1837 784 1886 nourldoniee
793 1853 879 1899 poena,
892 1851 966 1898 quem
979 1836 1104 1884 affinitatis
1114 1849 1155 1883 re·

75 1903 137 1949 ‹lcteo
147 1905 279 1964 iniquitates
294 1907 400 1961 metros,
415 1907 438 1951 et
452 1917 543 1951 memor
557 1918 604 1950 aon
628 1905 674 1962 glas
683 1918 754 1953 reum
761 1908 882 1967 perculit,
893 1920 939 1955 nee
951 1907 1035 1954 matris
1044 1905 1156 1952 obsecra·

75 1983 124 2017 cro.
135 1971 235 2031 Magnus
246 1973 318 2032 plane
329 1973 356 2019 et
366 1972 505 2020 misericors
522 1973 603 2032 Deus,
629 1972 696 2021 tione
706 1975 737 2021 ab
753 1976 922 2035 indignatione
939 1975 1078 2022 revocatus.
1088 1973 1154 2031 Quo

74 2039 119 2096 qui
138 2041 286 2091 beneficium
304 2041 413 2101 contem,
424 2055 470 2090 nec
490 2042 604 2090 beneficii
628 2041 698 2089 modo
705 2043 787 2090 autem
795 2045 821 2090 iu
829 2044 982 2091 Salomonem
989 2042 1067 2089 David
1074 2041 1156 2088 tilium

74 2120 165 2156 rrruuus
173 2113 313 2170 exprobrat.
321 2111 442 2157 Miramini
454 2112 519 2171 quod
527 2113 604 2160 David
628 2109 755 2159 existimas
766 2114 898 2159 convenire
907 2112 972 2171 quod
980 2111 1098 2169 scriptum
1106 2112 1152 2166 est,

75 2189 160 2235 regem
179 2179 281 2239 fecerit,
292 2180 460 2238 victoremque
471 2182 604 2227 multarum
628 2178 685 2233 quia
691 2181 837 2237 pemrroaebit
847 2193 899 2226 eom
909 2181 956 2228 soie
964 2183 986 2226 et
996 2183 1050 2226 ante
1058 2182 1152 2233 tonaio,

76 2244 209 2301 gentium?
223 2247 263 2293 Sic
281 2248 390 2294 servulos
407 2259 463 2292 suos
479 2247 606 2294 consuevit
629 2244 654 2287 io
669 2247 753 2291 ooecoio
768 2247 921 2303 racemorum·
939 2257 995 2290 cum
1013 2245 1056 2290 ille
1071 2244 1155 2290 brevis

78 2315 194 2362 avehere,
216 2317 267 2362 Non
288 2327 376 2363 avarus
395 2327 542 2373 munerum,
560 2327 605 2362 nec
630 2308 688 2357 Vitae
697 2308 1157 2370 adeptususuram‚angustistermiuis

75 2382 190 2429 beneficii
199 2395 297 2442 parcus,
306 2395 353 2429 nec
361 2383 445 2442 gratiae
453 2385 570 2443 angustus
581 2384 605 2434 et
629 2378 730 2427 vivendi
740 2380 848 2439 spatium
862 2377 1021 2437 transegerit?
1030 2376 1155 2436 Quomodo

74 2451 152 2511 frugi:
162 2453 205 2499 sed
215 2451 523 2512 opulenslargitatis‚qnos
533 2455 605 2502 rede·
629 2446 711 2494 autem
730 2448 761 2496 de
780 2461 810 2496 eo
827 2448 918 2495 dicitur
932 2459 940 2494 t
955 2447 1121 2495 Dominabitur
1138 2462 1154 2493 o

74 2519 122 2567 mit
136 2532 150 2566 a
167 2520 281 2579 peccato,
291 2521 364 2580 auget
378 2519 405 2567 iu
424 2521 534 2582 praemio.
545 2523 603 2571 llaec
627 2519 691 2564 mari
700 2531 772 2578 “titt
783 2519 814 2565 ⁰1¹
823 2531 902 2577 marm
914 2529 970 2564 ⁰¹¹OE
980 2516 1024 2563 ¹¹¹0
1035 2516 1153 2574 ifllfflsl·

75 2590 204 2637 radversum
214 2589 334 2649 Gentiles.
627 2584 689 2648 riam
704 2587 864 2644 constitutus,
876 2586 921 2632 boe
932 2585 983 2644 est,
1000 2583 1065 2631 intra
1079 2585 1153 2631 unius

310 2693 374 2718 ..,..
462 2680 464 2682 -
601 2676 603 2680 -
627 2655 733 2714 regionis
757 2654 932 2723 provinciam,
957 2653 1153 2712 circumscriptos

239 2755 365 2811 cnm
383 2758 438 2811 Ν·
626 2721 1151 2852 tltaliltltrlltlttiiltllll

75 2853 161 2893 irruens
174 2864 285 2903 perperam
298 2855 407 2895 credentes
420 2856 498 2903 namu,
512 2857 552 2907 <1¹¹¹
565 2857 602 2896 ⁰1*
626 2871 696 2906 suum
704 2860 845 2920 propagarit
851 2858 1076 2918 inperiumesolus
1084 2859 1151 2904 enim

97 2909 337 3008 Effiefcuss¹fip⁰⁰⁰⁸¹⁰⁴
353 2911 387 2947 '⁶¹
403 2911 601 2976 ⁸?¹⁰¹¹¹⁰¹¹⁰¹¹¹·,⁶¹¹i
625 2925 671 2973 iste
683 2927 775 2986 est,de
786 2938 835 2986 quo
843 2927 906 2973 bene
914 2925 1002 2986 psalmi
1010 2925 1086 2973 series
1094 2938 1150 2985 pro·

246 2968 276 3002 sto
283 2975 324 3001 non
334 2969 475 3011 conveniunt,
482 2976 522 3004 esse
530 2967 601 3003 filiurn

96 3018 602 3119 laistei.sanemarium
625 2994 1154 3120 illecelsezeottttt

100 3123 203 3161 conturar.
626 3143 689 3189 repes
707 3134 775 3177 terrae
791 3146 799 3176 r
814 3143 893 3177 omncs
911 3133 988 3187 crates
1005 3132 1103 3177 emieat
1120 3133 1149 3177 ei.

106 3195 145 3242 il.
157 3194 206 3240 Seo
217 3191 332 3252 quoniam
342 3193 489 3254 tripartitam
505 3194 604 3243 divisio·
627 3198 696 3244 llunc
707 3198 773 3245 enim
784 3197 898 3245 novimus
907 3197 1021 3256 gentibus
1030 3197 1151 3246 universis

74 3277 133 3313 nem
147 3264 265 3312 tractatus
282 3263 356 3321 liuius
373 3263 478 3323 polliciti
497 3276 601 3324 sumus,
627 3266 652 3313 et
668 3266 809 3314 nationibus
824 3266 1000 3325 imperantem,
1017 3265 1151 3314 incircum·

75 3347 149 3383 unam
164 3334 280 3382 adversus
290 3331 418 3392 Gentiles,
428 3332 503 3380 aliam
513 3332 601 3382 adver·
624 3335 715 3395 scripto
724 3335 842 3395 imperio,
853 3335 1011 3383 interminata
1018 3336 1147 3396 potestate.

75 3417 116 3452 sus
133 3403 244 3462 Judaeos,
260 3401 360 3450 tertiam
374 3401 440 3462 apud
449 3402 599 3450 Ecclesiam:
624 3404 674 3451 lion
683 3417 740 3465 ergo
750 3405 863 3452 Salomon
873 3405 919 3450 Dei
929 3405 1004 3452 lilius.

73 3483 139 3519 noue
155 3472 239 3518 contra
248 3470 344 3517 ludaeos
358 3469 457 3517 videtur
472 3482 526 3517 esse
536 3471 600 3518 trae-
653 3472 692 3520 25.
710 3473 760 3520 Sed
774 3486 822 3533 qua
837 3473 931 3521 ratione
943 3486 1001 3520 eum
1009 3473 1057 3520 Dei
1069 3473 1148 3520 tilium

73 3540 184 3588 tandum.
201 3539 266 3598 Quid
276 3539 350 3597 igitur
363 3539 435 3586 nobis
448 3539 599 3599 propositum
623 3539 769 3598 putavistis?
784 3541 821 3586 bn
837 3540 893 3599 quia
912 3541 1009 3599 sapiens
1022 3540 1070 3588 fuit
1079 3540 1090 3587 t
1100 3541 1148 3588 Sed

27 3645 30 3651 .
74 3609 107 3656 sit
122 3601 300 3655 recenseamus.
314 3608 419 3665 Titurius,
434 3607 529 3668 inquit,
538 3610 600 3669 psci·
623 3606 664 3653 bie
674 3607 971 3667 sapientiampostularit‚
980 3609 1091 3669 utquam
1097 3621 1149 3656 noa

74 3679 192 3725 miliarii
208 3678 348 3733 intellectos,
365 3677 532 3723 oumocattod
547 3690 599 3723 eam
623 3674 743 3732 habebat,
758 3676 881 3736 acciperet
892 3689 898 3721 :
910 3676 1018 3723 cbristus
1036 3678 1088 3736 ipse
1107 3690 1146 3725 aa·

74 3745 172 3792 Natisone
181 3745 293 3804 propheto
305 3758 312 3791 :
323 3744 479 3791 cominirom't
489 3745 520 3791 ori
529 3745 599 3792 lietb-
623 3742 718 3801 pientia
733 3744 784 3801 est,
798 3743 945 3792 naturaliter
962 3744 989 3790 in
1005 3744 1146 3793 universum

73 3812 149 3859 sober.
158 3813 250 3871 Nempe
260 3811 421 3859 historiabmc
430 3810 600 3860 etadulterum
623 3811 729 3870 babens,
740 3810 805 3870 quod
822 3811 848 3857 in
863 3812 936 3859 rebus
951 3811 1064 3859 humanis
1079 3813 1146 3858 Salo-

75 3879 154 3926 liavid
167 3879 263 3927 inducit
277 3880 303 3926 et
318 3879 482 3937 homicidam,
493 3881 520 3928 et
534 3879 599 3927 bunc
624 3890 680 3926 mon
687 3879 783 3939 accepit
790 3891 835 3940 per
843 3881 954 3939 gratiam.
963 3881 1076 3939 Denique
1083 3879 1149 3939 quod

75 3958 134 4004 vos,
144 3948 236 4006 iudaei,
245 3946 327 4008 dicitis
336 3959 388 3995 esse
397 3947 443 3994 Dei
452 3946 600 3995 tiliumiSed
623 3948 744 4008 accipitur
751 3949 786 3996 'ex
799 3951 922 4009 tempore,
933 3949 960 3996 in
971 3950 1081 4007 tempore
1092 3959 1147 4006 pos·

75 4017 143 4063 Deus
157 4015 276 4064 virtutum
291 4017 342 4074 est,
354 4027 405 4063 uon
420 4015 560 4063 criminum.
571 4017 601 4063 Et
623 4016 724 4065 sidetur.
736 4017 848 4064 Salomon
863 4018 930 4064 enim
939 4015 1085 4076 sapientiam
1101 4028 1147 4063 nec

76 4083 107 4131 de
118 4083 165 4132 boe
180 4083 239 4131 dicit
254 4084 321 4133 licus
331 4084 420 4133 Pater:
434 4083 541 4134 utronea
551 4085 600 4146 ejas
613 4085 650 4154 ,in
657 4084 780 4148 principio
790 4085 828 4134 sai
838 4085 994 4145 lrabuit,nec
1002 4083 1028 4130 in
1036 4082 1084 4132 sroe
1092 4095 1148 4147 pos,-¹
