2760 4794
421 491 455 535 ln
470 491 630 537 PSALMUM
645 488 757 545 cxviii
772 489 958 534 EXPOSITIO.
1044 522 1046 527 .
1074 520 1075 523 =
1184 482 1230 534 llil

145 567 258 630 Danaique
271 570 332 618 tales
346 570 400 620 vuit
417 572 493 620 testes
508 572 617 620 Christus
631 571 675 619 ad·
700 570 788 631 quibus
803 572 903 620 credere
918 568 1037 618 debeatis.
1052 567 1126 616 Venit
1137 571 1192 629 quis
1202 571 1230 617 in

144 637 247 697 sistere,
261 639 472 700 secundumqnod
484 642 652 702 scriptumest
666 654 673 688 a
700 642 843 700 ecclesiam,
863 641 921 688 dum
938 641 1056 687 honorem
1072 639 1170 687 allectat
1183 640 1229 687 sub

143 708 249 757 Iudicate
258 711 391 770 pnpillo‚ei
396 711 520 768 iustificate
530 712 674 759 viduamset
700 708 887 768 imperatoribus
916 707 1080 766 christianis,
1114 707 1229 756 simulato

143 779 233 834 omnin,
246 779 385 839 dispiciemus
391 811 400 836 ,
411 781 467 827 dicii
479 781 603 826 Dominus.
612 779 674 827 Ten·
699 778 769 824 metu
783 776 919 824 orationem
932 789 959 823 se
975 775 1044 834 fingit
1058 774 1174 822 deferre:
1189 775 1229 822 in·

142 845 210 893 tatus
226 857 252 894 es
266 846 354 907 spiritu
369 847 507 906 superbiae3
524 846 567 893 sed
579 846 673 895 ¹videns
700 844 818 904 clinatur,
833 845 860 891 et
874 845 924 890 solo
942 841 1088 904 stemitur',
1104 842 1147 903 qui
1165 855 1229 902 genu

142 911 243 972 inopem
253 916 326 974 atque
338 926 456 974 egenum,
464 915 506 975 pia
517 911 600 961 mente
610 927 674 962 com·
698 913 789 961 mentis
799 925 848 960 non
858 912 956 960 llexerit
967 925 973 958 ε
985 912 1054 959 videt
1064 911 1135 959 illum
1146 913 1229 971 bomo,

144 992 228 1039 passus
239 995 280 1039 es,
291 982 457 1030 humilitatem
465 983 542 1042 magis
552 994 625 1042 quam
634 994 673 1029 ar·
698 982 860 1030 christianum
868 982 951 1041 putati
961 981 1029 1028 videt
1037 981 1109 1027 bomo
1118 983 1229 1028 orantem

144 1051 281 1109 rogantium
300 1050 428 1099 dilexisti:
440 1050 510 1098 testis
528 1062 554 1097 es
569 1050 672 1110 christi3
698 1050 856 1110 suppliciter,
872 1051 897 1096 et
911 1048 1001 1107 credit3
1018 1049 1062 1094 sed
1077 1050 1144 1095 Deus
1159 1047 1230 1096 audit

143 1119 171 1167 et
180 1119 245 1178 quod
256 1119 293 1167 est
303 1119 423 1179 amplius,
432 1130 483 1166 non
493 1119 611 1166 sermonis
620 1120 674 1166 tan·
698 1121 837 1178 negantem.
844 1116 954 1164 Discedit
961 1117 1077 1176 probatus
1082 1116 1112 1162 ab
1119 1117 1228 1177 bomine,

143 1187 279 1245 tummodo‚
286 1187 329 1234 sed
337 1187 412 1233 etiam
418 1186 500 1247 operis
506 1187 673 1235 testimonium
698 1190 742 1238 sed
753 1188 929 1236 condemnatus
940 1199 954 1232 a
959 1187 1053 1245 judice.
1062 1186 1158 1245 Quanto
1168 1187 1229 1234 tols·

144 1255 302 1313 perhibuisti.
308 1255 368 1313 Quis
376 1255 596 1314 enimlocnpletior
603 1256 673 1302 testis
699 1257 800 1304 rabilius
811 1256 892 1303 fuerat
903 1254 998 1301 bomini
1014 1265 1131 1312 negasse,
1142 1254 1167 1300 et
1177 1255 1230 1301 Deo
1245 1251 1248 1259 “

144 1322 196 1381 est,
212 1335 286 1381 quam
297 1323 339 1381 qui
350 1323 480 1370 confitetur
490 1324 622 1370 Dominum
632 1324 674 1370 Je—
699 1336 752 1370 esse
767 1320 917 1378 confessum?
933 1322 1002 1369 Licet
1020 1321 1067 1366 boc
1081 1332 1177 1380 quoque
1188 1331 1230 1375 re·

145 1403 199 1438 sum
215 1391 242 1436 in
260 1403 333 1438 carne
350 1393 461 1451 venisse,
477 1405 532 1439 cum
549 1393 674 1451 Evangelii
699 1392 878 1452 prehensibile3
895 1391 1006 1451 perlecta
1025 1389 1094 1436 enim
1109 1389 1230 1437 confessio

144 1459 269 1518 praecepta
289 1458 411 1506 custoditi
425 1461 485 1506 Nam
503 1460 546 1519 qui
562 1461 631 1507 audit
647 1461 674 1507 et
699 1461 724 1507 et
735 1460 811 1507 animi
825 1459 914 1520 quaerit
933 1457 1103 1517 devotionem,
1121 1458 1146 1504 et
1161 1457 1230 1505 vocis

144 1527 276 1588 pontecli,
295 1529 367 1587 negat
382 1528 581 1576 Christumtetsi
597 1529 673 1576 verbo
698 1530 895 1588 professionem:
913 1531 1061 1578 cordcenim
1081 1530 1182 1575 creditur
1199 1529 1231 1574 cd

144 1594 265 1655 fateatur,
277 1597 393 1657 operibus
403 1599 484 1656 negat.
497 1597 576 1653 Quam
587 1597 673 1644 multis
696 1600 813 1657 iustitiam
833 1615 842 1647 .·
864 1613 904 1648 ore
924 1601 1004 1647 uatem
1022 1598 1132 1658 confessio
1151 1597 1178 1656 {it
1197 1598 1228 1645 od

143 1661 284 1711 dicentibus
296 1678 302 1708 ε
314 1667 427 1721 Domine,
435 1666 549 1722 Domine,
557 1677 634 1711 nonne
649 1665 674 1711 in
698 1669 804 1714 salntem.
1200 1712 1203 1719 .

145 1735 184 1777 tao
201 1735 294 1779 nomine
302 1734 503 1792 prophetanimus,
519 1736 541 1780 et
558 1735 673 1780 wmonia
728 1736 767 1782 dt).
776 1737 837 1794 Ergo
844 1735 871 1782 in
880 1734 1092 1794 persecutionibus
1102 1733 1228 1781 interiori·

143 1799 251 1857 ejecimus
257 1833 266 1858 ,
279 1804 301 1849 ct
312 1803 408 1849 uirtutes
422 1802 508 1849 multas
523 1801 636 1861 fecimus,
646 1800 674 1846 in
698 1805 744 1853 bus
753 1805 805 1852 esto
816 1806 896 1852 tidelis
906 1807 932 1853 et
948 1805 1032 1864 fortis;
1043 1806 1071 1851 ut
1084 1805 1111 1851 et
1126 1798 1181 1850 istis
1191 1804 1229 1850 fo-

144 1868 189 1914 illo
199 1869 239 1914 die
246 1869 418 1929 respondebitt
428 1871 541 1916 Discedite
551 1883 567 1916 a
576 1883 612 1916 nac
623 1881 676 1915 om·
699 1872 811 1921 rensibus
820 1873 1030 1932 persecutionibus
1040 1870 1191 1930 approberis.
1199 1872 1229 1919 Et

144 1951 185 1985 nes
199 1939 378 1998 qniopcrcmini
391 1939 545 1997 iniquitatem.
558 1937 603 1983 lile
618 1947 674 1994 ergo
699 1940 830 1988 ininiimis
846 1939 1228 2000 persecutionibus,¹suntreges,
1252 1996 1254 2000 μ

145 2005 215 2052 testis
231 2007 282 2064 est,
300 2005 342 2066 qui
359 2005 567 2064 adstipulantibus
585 2005 674 2063 factis,
701 2010 726 2056 et
736 2010 865 2068 praesides,
875 2009 999 2056 terribiles
1014 2008 1110 2065 judices
1120 2004 1229 2067 potcsta‘-
1255 2039 1259 2073 3

145 2073 245 2120 Domini
256 2074 314 2122 Jesn
323 2075 445 2134 praecepta
456 2073 568 2121 testatur.
700 2079 734 2126 ie.
745 2079 820 2126 Dabis
838 2079 980 2137 exemplum
991 2077 1017 2123 in
1033 2076 1130 2124 Domini
1148 2078 1230 2125 tenta·
1255 2077 1260 2084 ’

175 2141 215 2190 t8.
224 2143 315 2201 Quanti
330 2155 386 2203 ergo
405 2143 515 2204 quotidie
533 2143 561 2190 iu
576 2143 675 2190 occulto
700 2147 767 2194 tione
777 2159 851 2207 quam
859 2147 978 2207 pertulit:
990 2145 1153 2193 demonstrata
1170 2147 1229 2211 sunt

144 2213 265 2272 martyres
274 2211 362 2259 Christi
381 2213 451 2271 suut,
463 2213 489 2259 et
498 2212 581 2260 iesum
592 2213 676 2258 Domi·
701 2215 724 2262 ei
734 2217 816 2263 omnia
825 2228 915 2275 regna,
927 2218 952 2264 et
960 2213 1057 2264 dictum
1068 2215 1105 2261 est
1120 2215 1143 2261 ei
1155 2228 1162 2260 τ
1177 2208 1230 2263 nbi

146 2292 206 2327 raum
217 2278 376 2328 confitentur?
387 2280 459 2329 Novit
475 2281 521 2327 hoc
532 2280 676 2339 martyrium
700 2286 759 2333 dabo
770 2285 818 2334 lam
827 2288 907 2333 omnia
913 2317 922 2342 ,
933 2285 1082 2346 ciprocidcns
1095 2285 1229 2332 adorarem

145 2351 273 2413 Apostolus
285 2352 310 2398 et
320 2349 584 2398 testimoniumchristi
593 2348 675 2409 fidele,
700 2368 745 2400 me.
754 2354 854 2401 Lectum
863 2355 888 2400 et
899 2354 959 2401 abbi
972 2367 978 2398 a
990 2355 1045 2401 Non
1056 2355 1135 2412 repsit
1147 2365 1229 2412 pocca-

144 2420 190 2479 qui
198 2418 263 2467 dixit
273 2433 280 2464 ε
291 2421 346 2468 Hoec
353 2421 386 2467 cst
396 2421 460 2467 enim
468 2419 574 2479 piorictio
584 2421 675 2475 nostro,
701 2427 750 2470 inm
757 2424 783 2468 in
790 2424 865 2470 vestro
875 2423 972 2470 mortali
978 2420 1162 2482 ccrpmnvides
1170 2422 1228 2469 ante

146 2489 302 2538 seminantem
315 2489 457 2536 conscientian
475 2489 570 2535 nostrie.
584 2485 674 2543 Quanti
699 2501 761 2549 quos
771 2501 841 2549 reges
851 2488 1089 2548 statuaris,·obomo,
1099 2489 1159 2536 ante
1167 2502 1229 2549 quos

146 2559 205 2606 foris
216 2557 320 2605 confessi
326 2555 428 2614 sunt,et
436 2556 502 2604 intus
508 2554 673 2614 negaverunt!
700 2558 817 2616 praesides
826 2559 997 2618 peccatorum,
1008 2559 1029 2605 si
1039 2559 1112 2618 culpa
1126 2557 1228 2617 regnati

146 2629 254 2686 Namque
275 2626 359 2673 uxoris
379 2625 496 2674 ducendae
510 2623 602 2684 gratia,
621 2635 675 2682 quae
699 2626 763 2683 Quot
774 2625 888 2685 peccata,
906 2626 965 2687 quot
974 2626 1051 2686 vitia,
1061 2625 1098 2672 tot
1108 2638 1187 2686 repes·
1197 2627 1228 2675 ut

146 2696 232 2754 gentili
244 2695 318 2742 vlroa
327 2693 466 2742 christianis
476 2691 619 2753 parentibus
629 2703 675 2737 ne·
700 2696 755 2742 ante
764 2696 808 2743 bos
818 2695 973 2754 adducimur,
981 2695 1006 2742 et
1011 2695 1068 2742 ante
1073 2695 1118 2743 bos
1125 2695 1227 2743 minus.

145 2764 272 2825 gabatur',
281 2764 395 2811 simulata
405 2763 435 2809 ad
443 2763 540 2822 tempus
548 2759 609 2819 lide,
620 2759 674 2820 ple·
699 2762 1229 2823 liabentetiamistiregestribunalinmsn·
1288 2757 1290 2760 ’

145 2836 217 2894 rique
225 2835 360 2895 produntur
366 2833 430 2892 quod
440 2831 498 2878 foris
509 2829 675 2877 confessisunt
699 2831 766 2878 tibus
775 2833 952 2891 plurimorumc
963 2831 1007 2878 sed
1015 2830 1097 2889 siquis
1104 2831 1228 2879 christum

146 2904 212 2951 intus
231 2913 342 2960 negasse.
359 2902 396 2946 Ari
414 2896 584 2945 fornicationis
602 2907 675 2941 causa
700 2900 819 2957 fateatur,
830 2899 912 2946 statim
923 2910 1007 2958 regem
1017 2899 1089 2945 illum
1101 2899 1160 2946 facit
1174 2911 1228 2946 essa

145 2969 313 3018 tantummodo
325 2968 440 3028 putamus
451 2965 582 3012 Dominum
596 2963 675 3009 Deum
700 2967 840 3025 captivum,
852 2966 937 3023 dejicit
948 2967 978 3015 de
990 2965 1051 3013 solio
1062 2977 1113 3013 suae
1127 2967 1226 3013 mentis.

145 3039 256 3088 asomum
266 3037 292 3084 in
302 3035 420 3095 populum
427 3034 440 3079 J
443 3033 565 3080 udaeorum
577 3031 627 3077 iam
637 3041 675 3076 se·
699 3034 823 3091 Quomodo
834 3036 901 3082 enim
910 3033 1002 3092 poterit
1012 3033 1104 3079 diaboli
1119 3032 1228 3091 tribunal

147 3119 206 3156 vere
227 3117 281 3154 esse
299 3103 461 3160 commotum3
473 3102 501 3148 ut
518 3098 608 3159 viginti
626 3096 675 3144 tria
700 3114 801 3149 manere
817 3102 844 3148 in
855 3114 899 3160 eo,
911 3101 953 3149 cui
967 3100 1057 3148 christi
1067 3100 1175 3148 uiliuaal
1185 3100 1228 3149 ad·

146 3175 226 3223 millia
236 3175 267 3222 de
275 3173 364 3232 populo
372 3167 676 3228 necarentur,propterea
700 3168 793 3228 surgit?
1144 3200 1147 3206 .

146 3243 213 3304 ‹puod
222 3241 360 3289 Madianitae
375 3239 455 3300 gentis
469 3238 569 3286 feminis
584 3247 676 3283 coucu·
729 3240 769 3287 bl.
778 3238 904 3297 linificam
910 3237 1077 3297 persequentes,
1085 3235 1229 3285 eltribideo·

146 3313 203 3360 bitu
215 3310 377 3359 miscerentur
389 3321 395 3354 ι
407 3320 436 3355 nc
452 3318 501 3354 non
513 3318 543 3353 eo
553 3303 620 3365 quod
630 3315 675 3364 per
700 3311 732 3355 tec
740 3321 785 3354 mc.
797 3307 827 3353 Et
836 3306 938 3353 iortmse
948 3303 1056 3353 cbristus
1064 3304 1110 3352 boc
1120 3303 1230 3364 dicit,et

146 3383 203 3429 illos
216 3377 359 3426 concubitus
375 3375 568 3437 alienigenarum
585 3371 675 3420 descis·
700 3375 905 3431 dicitinvooibus
924 3373 1089 3434 sinffiilorum3
1103 3374 1231 3433 ipsomet.

147 3447 298 3506 caucalide,
310 3450 400 3506 nepam
413 3443 546 3493 Dominum
557 3452 675 3502 cogeren-
700 3445 766 3494 enim
776 3444 932 3492 adversarius
942 3442 1099 3503 persequitur
1109 3443 1136 3495 in
1147 3443 1228 3495 uobis.

147 3518 202 3567 turi
699 3512 842 3563 Sideclinas
851 3512 1230 3574 persequentamdlbristumab·

176 3587 216 3637 tf.
227 3586 318 3640 Nolite,
328 3582 424 3642 inquit,
442 3583 508 3630 omni
516 3581 608 3641 spiritui
624 3591 676 3626 cre·
697 3582 822 3642 jicis,'qui
836 3593 863 3629 se
875 3580 966 3628 tentari
979 3579 1081 3639 patitur,
1093 3581 1124 3626 ut
1135 3581 1231 3628 vincat.

147 3659 199 3704 dero
209 3670 217 3704 c
229 3653 294 3703 seda
304 3649 426 3709 fructibus
432 3659 516 3696 eorum
527 3646 675 3708 cognoscite,
700 3651 747 3699 Ubi
758 3652 829 3697 illum
845 3649 939 3697 viderit
956 3648 1085 3709 diabolus,
1102 3649 1138 3696 ibi
1158 3651 1231 3708 parat

437 3768 440 3773 ,
657 3766 663 3776 ,
700 3717 859 3776 insidias,ibi
870 3717 1032 3767 tentationum
1047 3717 1174 3764 machinas
1186 3716 1229 3763 ad-

167 3775 365 3817 ·Ambrosiuscum
374 3767 679 3823 antiquisl‘airibusconlupra
1256 3804 1259 3808 Δ

148 3834 205 3870 inter
221 3828 306 3866 fidelem
323 3835 348 3863 ac
364 3823 473 3862 infidelem
490 3831 613 3869 numquam
630 3826 675 3857 non
956 3871 958 3875 y
1033 3868 1037 3877 ι
1083 3865 1087 3874 Ι

98 3873 102 3877 ’
148 3878 535 3930 improbavitzanvcrocontractsea
545 3873 677 3913 disolvivo·
722 3867 919 3908 'Observaexboc
926 3869 975 3909 loco
982 3876 1048 3907 moras
1055 3866 1118 3903 fuisso
1126 3861 1184 3910 apud
1194 3873 1232 3907 m,

149 3935 243 3976 luerint.
256 3934 282 3970 lis
296 3937 326 3971 est
339 3935 420 3971 vetares
435 3929 494 3967 iulsr
509 3937 535 3967 ac
549 3927 677 3975 recentiores
700 3926 755 3962 tores
766 3922 897 3963 Christianos
908 3923 932 3963 in
945 3921 1036 3960 Ecclesia
1048 3920 1105 3954 inter
1120 3914 1229 3959 orandum

149 3987 273 4032 'l'bcolopon
286 3984 313 4023 ld
325 3985 384 4029 enirn
398 3983 443 4030 illi,
454 3982 585 4020 Gratianum
597 3976 677 4028 bingis·
701 3988 744 4016 non
752 3977 822 4015 solum
831 3974 1008 4026 capuiinclinars
1018 3981 1041 4008 ac
1053 3979 1124 4018 penus
1131 3964 1229 4015 flecteret

149 4047 256 4087 numque
265 4032 418 4079 sententiarum
430 4035 507 4081 secuti,
516 4034 597 4073 obnixe
606 4032 678 4070 autin·
702 4034 778 4068 terum
786 4030 850 4069 eiiam
860 4033 930 4068 ictum
937 4028 1079 4081 scinierram
1088 4024 1230 4071 prosternant.¹

150 4090 406 4142 mnt.quodposle'aalti
412 4082 679 4138 psalmumcanticum&
702 4085 742 4122 iiic
751 4093 845 4132 nauaque
857 4088 901 4122 non
913 4076 1112 4144 do'iaaiocbuanonb
1125 4079 1146 4114 ci
1158 4076 1232 4129 μιν..

150 4146 221 4196 inira,
229 4151 245 4185 t.
254 4146 340 4193 heptat.
350 4145 375 4184 od
388 4144 492 4191 Vindium,
503 4152 522 4179 n.
534 4140 568 4178 dli.
703 4138 806 4186 lentibus,
815 4136 850 4178 sed
858 4135 884 4178 (te
893 4133 993 4178 fidelihus
1001 4140 1035 4178 iiiii
1044 4129 1180 4170 manifestum
1188 4131 1229 4233 Zt.
