2760 4794
144 298 191 357 luo
536 305 656 352 suucrr
671 304 831 350 uunnosu

140 384 668 454 inopiaculpatetreguunucoelorum‚recte
694 389 753 435 rull.
775 378 886 446 Denique
906 384 936 432 ut
956 380 1098 447 cciac'quia
1117 346 1235 432 dilatarit

142 461 184 508 isti
195 461 301 521 inopiam
311 471 379 507 suam
390 458 481 505 divinis
487 457 608 504 excidisse
615 470 670 505 sen·
694 458 769 504 Paulo
779 455 896 503 Dominus
906 454 984 515 lesus,
996 454 1054 502 audi
1071 451 1234 514 ipsum'Apo-

142 528 210 577 albus
229 528 390 586 arbitrantur,
412 526 454 586 qui
474 525 581 572 animam
601 538 670 573 suam
695 526 784 572 stolum
795 523 920 570 dicentem
931 535 938 568 :
950 523 980 572 Oe
998 525 1108 570 acetrum
1122 522 1234 587 paletod
1308 564 1312 573 .

143 596 297 644 humiliatam
309 597 336 641 in
347 594 448 654 pulvere
459 593 633 654 deplorabant,
645 596 670 641 et
695 608 735 641 voa
741 626 750 650 ,
762 607 776 640 o
788 592 904 641 corinthii
910 625 916 650 ,
928 605 968 638 cor
984 594 1093 639 nostrum
1105 592 1234 638 dictatum

143 665 257 712 ventrem
276 676 348 710 suum
364 663 390 708 in
408 664 474 709 terra
490 663 583 709 haerere
602 662 670 708 dice·
695 661 889 720 eet.1iperiergo
905 673 944 720 os,
957 660 1074 707 confitere
1091 659 1234 717 Christum

143 731 265 789 bautoni
274 732 355 779 autern
366 731 392 776 in
401 731 465 777 terra
476 730 671 789 haerentridcn·
696 729 754 787 quia
764 729 892 788 plenitudo
903 731 941 776 est
957 741 964 774 a
976 726 1018 775 ubi
1029 727 1181 787 plenitudo,
1199 726 1235 775 ibi

143 801 185 848 tur
195 800 278 847 divina
289 798 439 859 protectione
452 800 553 859 privari.
562 801 620 857 Quae
638 799 670 846 sit
696 798 770 844 ctiam
778 798 892 844 latitudo.
904 797 1011 859 thnasi
1022 798 1104 844 bonus
1115 797 1235 856 magister

144 881 202 930 erqo
212 870 258 916 ista
269 870 365 929 inopia,
376 868 433 914 audi
441 881 448 913 :
457 870 524 915 Beati
535 868 602 915 enim
609 882 671 927 pou-
695 867 737 925 qui
749 867 881 925 discipulos
891 866 982 914 babere
1000 867 1099 926 optaret
1110 868 1233 926 aequales,

140 950 208 998 peres
225 939 320 997 apiriiu3
339 939 441 997 ipsorum
455 939 517 984 enim
527 938 560 982 est
574 948 671 996 requam
696 946 843 993 nosquoque
853 934 1045 983 bortatusestui
1056 935 1232 993 dilataremur,

144 1007 263 1053 celorum.
280 1005 306 1052 Si
318 1018 375 1065 ergo
391 1004 462 1051 beata
476 1004 606 1063 paupertas
621 1005 670 1063 est,
696 999 779 1048 dicens
791 1013 797 1047 τ
808 1004 948 1050 Dilatamiai
958 1007 980 1051 ct
993 1017 1042 1051 eoa.

146 1073 186 1120 cui
197 1073 267 1132 patet
276 1074 375 1131 caelum,
383 1072 493 1119 terrenas
504 1072 562 1118 isias
573 1071 671 1118 divitias
726 1069 766 1115 95.
777 1071 838 1117 Cum
856 1071 938 1118 autern
952 1072 1019 1118 Deus
1030 1071 1128 1118 alicubi
1143 1072 1173 1119 in
1189 1071 1234 1119 iri·

145 1144 310 1204 negligamus,
322 1144 471 1202 corporalem
486 1139 671 1187 redundantiam
697 1137 821 1186 bulatione
830 1140 928 1199 dilatat3
939 1140 997 1187 tunc
1008 1141 1050 1188 liet
1058 1140 1171 1187 latitudo
1181 1153 1233 1186 cor·

145 1212 306 1260 declinemus.
317 1211 452 1272 Sequemur
462 1209 566 1267 uestigia
577 1210 672 1267 aposto·
697 1206 748 1266 dis,
764 1209 828 1256 sicut
848 1221 921 1256 arena
940 1211 1015 1256 maris
1030 1211 1233 1258 innumerabilis.

145 1281 296 1340 ieiunante
304 1280 408 1340 quorum
420 1277 495 1338 pedes
505 1276 672 1336 unusquisque
697 1274 755 1332 Quae
778 1276 877 1324 sitista
898 1277 1003 1325 latitudo
1024 1279 1085 1326 audi
1104 1279 1233 1326 dicentem

144 1350 324 1411 quodbabebat
334 1348 445 1409 pecuniae
457 1358 597 1393 ensuerum
606 1356 672 1402 agro·
698 1347 809 1392 sanctum
825 1347 977 1394 Salomonem
992 1360 999 1393 t
1019 1350 1119 1409 Oplaei,
1131 1352 1156 1396 ei
1165 1351 1234 1395 delus

145 1433 201 1468 rum
217 1421 298 1480 pretio
313 1417 467 1476 conferebat,
486 1419 514 1464 nt
525 1415 673 1475 pauperibus
698 1418 730 1462 eci
746 1416 806 1462 mibi
819 1430 896 1463 ceuceu
908 1420 948 1464 :ei
963 1419 1079 1476 invocavi,
1094 1419 1118 1466 ci
1132 1420 1199 1466 veut
1209 1420 1233 1463 ia

147 1488 337 1548 dispensaretur.
366 1487 438 1533 lstarn
464 1485 538 1544 igitur
565 1483 673 1540 inopiam
698 1495 734 1528 uae
744 1481 971 1544 spirituaeepicatioe.
983 1485 1014 1532 ut
1025 1485 1094 1532 enim
1104 1483 1233 1548 acciperet

146 1555 316 1614 Evangelieam
331 1552 357 1599 bi
374 1551 451 1599 sancti
467 1551 602 1598 virimulto
617 1552 673 1596 anie
698 1553 843 1610 sapientiam
858 1566 872 1599 a
888 1555 953 1612 Deo,
972 1567 1021 1600 non
1039 1550 1162 1616 divitias,
1184 1569 1233 1604 non

147 1634 266 1669 exercere
279 1619 418 1681 coeperaut3
430 1620 455 1665 et
465 1619 521 1665 ideo
540 1618 672 1664 dicebant:
699 1621 865 1681 nobilitatem,
885 1635 933 1670 non
944 1623 1092 1682 potestatem
1106 1639 1115 1670 τ
1130 1626 1177 1673 sed
1195 1639 1233 1673 sa·

148 1688 289 1739 Oblivisceris
307 1691 412 1746 mopiam
432 1689 546 1734 nostram.
561 1687 619 1732 'lale
637 1686 674 1732 est
699 1688 816 1745 pientiam
837 1691 986 1750 postulavit,
1007 1692 1032 1738 ct
1049 1691 1077 1738 in
1090 1693 1134 1740 illa
1150 1695 1234 1742 omnia

149 1759 210 1817 boc,
219 1758 291 1817 quale
302 1757 363 1804 illud
375 1756 534 1815 apostolieum
548 1768 554 1800 :
566 1757 674 1802 Ecceuoe
698 1757 831 1814 quaeeiiam
841 1771 889 1805 non
898 1759 1154 1820 postulavit,invcnit.
1162 1764 1233 1812 Unde

147 1827 283 1886 reliquimus
303 1827 399 1882 omnia,
420 1827 442 1871 et
459 1827 530 1872 secuti
547 1838 626 1871 cumau
643 1827 672 1871 te.
699 1822 821 1882 Scriptura
837 1826 898 1872 dicit
915 1827 1039 1887 quietalis
1056 1829 1112 1876 erat
1127 1830 1233 1879 latitudo

146 1897 214 1943 Bona
222 1908 279 1954 ergo
289 1895 426 1955 paupertas,
432 1906 486 1953 qnae
495 1906 508 1939 a
518 1892 611 1952 pietate
620 1904 675 1951 pro·
700 1892 852 1953 coruscus,
864 1896 928 1942 sicut
938 1908 1012 1943 arena
1022 1897 1098 1944 maris
1115 1899 1234 1949 innume<

149 1964 230 2024 cedit,
241 1966 267 2012 et
276 1963 397 2013 virtutum
407 1961 584 2010 exercitatione
594 1961 673 2008 susci·
699 1962 790 2009 rabilis.
796 1964 932 2011 Undehanc
937 1965 1057 2025 percipias
1062 1967 1233 2032 latitudinem,

146 2033 225 2094 pitur.
700 2033 735 2078 ait
747 2033 814 2081 dese
827 2035 878 2094 ipso
896 2048 1040 2094 cognoscens
1050 2049 1058 2082 a
1067 2039 1099 2083 Iu
1110 2038 1233 2090 leluudiue

179 2099 219 2149 ill.
234 2101 284 2149 Nec
301 2101 380 2148 solum
400 2099 522 2160 inopiam,
541 2097 584 2146 sed
600 2097 675 2145 etiam
700 2102 773 2149 cordia
783 2104 818 2149 tui
828 2104 926 2151 boemie
943 2118 1004 2151 cem.
1015 2106 1045 2152 nt
1058 2105 1117 2153 ideo
1128 2109 1175 2168 qui
1186 2111 1230 2157 ha.

48 2202 53 2211 ,
147 2169 331 2218 tribulationem
342 2183 412 2217 suam
423 2170 449 2216 in
459 2169 608 2216 oblivionem
622 2168 675 2213 Deo
699 2169 743 2217 bet
751 2172 910 2232 sapientiam,
926 2185 975 2220 non
992 2173 1130 2223 inocculto
1147 2177 1234 2227 teneat

148 2239 246 2287 venisse
258 2239 475 2300 deplorantBonae
486 2236 580 2285 suntet
595 2237 675 2284 tribu·
700 2251 767 2298 earn,
775 2254 823 2287 non
831 2242 861 2287 ad
866 2242 1033 2301 momentnm3
1042 2242 1086 2298 aed
1091 2248 1168 2294 canat
1175 2259 1230 2295 eam

148 2307 254 2356 lotiones
270 2321 326 2369 quae
343 2308 400 2354 sunt
419 2307 525 2367 propriae
539 2306 674 2364 iustorum,
701 2306 727 2352 in
739 2308 809 2355 exilu
818 2310 925 2369 :ubique
935 2310 1003 2370 quod
1012 2310 1097 2371 sentit,
1106 2325 1164 2362 cum
1175 2328 1233 2365 anc-

149 2376 193 2437 qui
204 2388 253 2423 non
262 2389 308 2436 pro
324 2376 419 2423 meritis
430 2377 496 2434 auis,
514 2375 557 2422 sed
567 2387 612 2434 pro
621 2376 676 2434 pie·
700 2376 796 2424 toritate
812 2378 937 2438 praedicet.
948 2407 953 2418 ι
1172 2416 1177 2427 .

147 2444 250 2492 tateeas
261 2444 432 2491 amtinentain
441 2444 529 2503 quibus
538 2442 617 2500 iustus
627 2455 675 2489 non
730 2445 768 2491 96.
782 2447 941 2506 Symmachus
962 2449 1045 2497 autem
1061 2463 1108 2511 pro
1123 2452 1232 2502 tribula·

149 2512 286 2570 adteritur,
304 2513 347 2559 sed
357 2512 486 2569 dilatatur3
497 2512 561 2559 sicut
579 2515 676 2559 sanmus
701 2511 766 2559 tione
778 2514 963 2563 afflictationem
973 2518 1062 2577 posuit.
1074 2520 1134 2568 Sive
1147 2516 1232 2570 tanoe'n

148 2580 270 2640 Propheta
288 2580 395 2626 declarat
413 2579 496 2625 dicens
514 2593 520 2623 ε
535 2582 562 2625 lu
578 2581 676 2626 tribula-
701 2581 826 2631 afflictatio
838 2586 883 2643 sit,
895 2587 946 2634 sire
961 2587 1101 2649 tribulatio,
1114 2603 1177 2650 opus
1196 2593 1232 2639 est

149 2649 212 2696 tiooc
222 2646 396 2695 dilatastiauiiii.
408 2646 438 2692 nt
448 2647 500 2704 ipse
509 2646 627 2695 Dominus
637 2650 676 2694 Je-
700 2653 729 2696 ut
745 2665 788 2699 nos
803 2666 947 2705 maneamus
964 2656 990 2702 in
1006 2658 1121 2719 Domino,
1141 2672 1190 2707 nec
1201 2661 1232 2708 ab

150 2729 193 2764 sus
205 2716 240 2763 ait
253 2729 260 2762 a
272 2720 301 2764 lu
313 2716 460 2763 tribulatione
474 2718 578 2763 invocavi
594 2720 676 2764 Domi·
701 2720 786 2767 eodern
805 2723 962 2782 recedamus3
981 2727 1098 2784 querulam
1125 2730 1232 2787 praesule

150 2798 217 2842 uum,
228 2787 251 2832 ei
261 2785 379 2832 exaudivit
390 2797 427 2830 mc
436 2787 460 2831 iu
470 2786 623 2832 latitudinem.
635 2787 676 2833 Di·
701 2789 804 2836 Domino
817 2793 841 2837 et
849 2792 980 2840 adsistente
990 2794 1075 2852 nobis,
1091 2807 1166 2844 ornne
1177 2810 1232 2845 cer·

150 2853 238 2901 letarii
256 2853 338 2900 sancto
357 2853 463 2910 apostolo
477 2852 567 2911 Paulo,
580 2854 675 2913 quando
701 2858 782 2905 tamen
799 2858 894 2906 fortiter
912 2874 1037 2920 possumus
1054 2865 1187 2912 sustinere.
1205 2867 1232 2915 Si

152 2921 178 2968 el
196 2923 322 2968 oculorum
337 2921 421 2967 lumen
439 2922 544 2981 eripuit;
564 2923 599 2968 ita
610 2925 676 2970 enirn
701 2927 783 2973 autem
793 2927 926 2976 Dominum
940 2933 1110 2993 negligamus,
1120 2935 1149 2982 'et
1159 2936 1231 2996 longe

151 2989 276 3039 confessus
290 2991 327 3038 est
343 2990 563 3052 Gliristum,qucm
573 2992 677 3052 negabat
702 3007 746 3042 nos
755 2995 873 3043 iaciamus
884 3010 898 3043 a
909 2998 1026 3060 Domino,
1041 2999 1148 3052 facimus
1161 3003 1233 3055 uobis

150 3061 232 3119 antea.
248 3061 305 3112 ldeo
317 3073 359 3111 ras
369 3061 496 3111 electionis
511 3074 563 3111 esse
581 3075 678 3123 prome·
702 3064 867 3116 aduersarium
881 3066 1014 3118 fortiorem.
