2760 4794
137 353 183 404 {56
530 351 652 399 sanent
669 349 831 396 Alaunostt

135 432 494 500 contemporaneorum
503 436 664 483 autemsnum
691 435 720 481 ln
731 435 761 491 le,
772 428 868 493 lnquit,
877 427 985 479 inimicos
998 425 1099 479 metra
1107 426 1227 478 mdab-

136 518 240 565 muuus,
255 502 665 564 etsuumdonum3quodtuncre-
689 496 1227 557 macomacornunostmmeutudiomine

142 575 282 632 velabitur,
297 583 354 622 cum
371 571 508 633 perlectum
517 570 580 618 illud
590 569 665 618 adve-
689 569 761 628 lesn3
772 569 798 617 et
808 567 863 615 ideo
876 565 941 614 sicut
954 577 1005 613 nou
1014 564 1042 612 iu
1053 565 1166 614 brachio
1174 577 1226 614 noo·

137 643 216 702 nerii,
226 643 284 703 qndn
295 655 349 690 mm
362 642 498 703 apparuerit
508 641 564 701 pald
577 641 663 697 amus,
689 636 728 685 tro
746 636 933 698 presumimus,
948 633 985 681 ita
996 645 1044 682 uec
1062 633 1095 682 ln
1112 633 1227 683 cornibus

137 709 564 770 miredalmasmtscriptnmest.
690 708 781 755 nocuis
791 705 929 754 ventilandi
937 703 1061 752 habems
1071 703 1227 764 presidium,

158 777 207 826 uil.
218 779 279 838 drgo
288 777 331 839 qui
342 790 391 827 non
401 778 428 825 in
437 776 539 824 brachio
549 787 606 836 suo,
617 774 665 824 boc
690 776 733 824 sed
742 775 768 823 iu
777 774 882 822 Christo.
894 771 975 821 nsua
984 772 1054 820 enirn
1062 771 1129 819 tides
1136 783 1227 821 coruus

137 843 189 904 est,
205 845 232 892 iu
247 857 291 892 sun
307 844 450 904 operatione
464 844 606 904 proesumit,
621 843 665 891 sed
689 855 805 904 sua,quae
816 842 943 890 mutuatur
954 852 968 888 a
978 839 1088 888 Christo.
1099 840 1227 901 Siquidem

136 913 164 960 in
180 913 226 961 Dei
240 912 332 974 pratia3
349 913 452 961 credens
461 913 528 973 quod
537 923 587 958 nou
601 911 665 959 iacta
689 924 740 959 non
752 912 828 960 otiose
840 911 867 957 in
874 908 1096 967 benedictionibus
1105 909 1227 969 Moysilc·

136 994 180 1030 sua
188 993 388 1042 unumquemque
395 980 543 1040 justificant,
554 979 665 1028 sedfides
690 980 769 1040 gimus
780 993 787 1026 t
801 980 847 1041 Qui
856 980 918 1026 uisus
927 979 962 1026 ert
971 979 997 1024 tr
1007 976 1083 1035 rubo,
1096 978 1181 1026 aaut
1190 990 1228 1026 aa·

136 1050 246 1110 promta,
260 1050 322 1097 dicit
335 1050 439 1096 Domino
454 1060 462 1094 r
480 1050 517 1095 ite
527 1049 665 1108 eaipscilcuc
689 1063 730 1108 per
739 1051 808 1109 copul
820 1047 913 1107 lucem,
927 1048 950 1093 et
963 1059 1034 1107 super
1041 1046 1237 1107 urnamque,

137 1132 216 1178 nima,
228 1121 251 1166 cl
265 1121 329 1166 Deus
336 1131 416 1176 meus,
426 1116 665 1177 unimundussulalcs
691 1118 830 1177 plurificatur
844 1119 905 1164 iuter
915 1115 1000 1175 pullae
1010 1127 1067 1163 suos
1081 1114 1227 1177 prim

137 1187 221 1236 laco.
236 1188 288 1234 lton
297 1186 478 1247 perfunctorius
486 1196 565 1232 sermo
576 1185 626 1244 est,
637 1184 666 1231 ut
691 1189 747 1233 tusa
762 1187 827 1233 teari
843 1186 911 1232 bens
925 1184 1008 1243 specics
1023 1184 1118 1243 ipsius,
1140 1196 1225 1232 cornu

136 1255 205 1305 dieas
219 1268 227 1303 ε
240 1259 278 1304 Tu
293 1270 316 1304 ca
331 1258 379 1317 lpse
393 1258 445 1303 ilex
458 1254 534 1303 lacae.
547 1254 600 1300 Nou
609 1252 666 1312 qui·
690 1254 814 1299 subornat
825 1264 916 1299 corono
932 1251 1004 1311 ipone
1014 1264 1023 1298 .·
1034 1252 1061 1297 tn
1076 1252 1139 1312 ipris
1152 1254 1225 1312 aaa

137 1336 242 1385 cumque
252 1324 299 1371 boc
310 1322 383 1382 dieii,
394 1322 438 1370 sed
450 1322 476 1368 iu
491 1331 540 1381 quo
554 1320 601 1366 liei
611 1332 666 1378 reg·
689 1320 809 1368 ventilabit
816 1321 961 1380 simonque
969 1320 1224 1369 adextremamtcrrn.

135 1404 197 1441 num
208 1392 265 1442 est:
281 1391 307 1438 iu
322 1404 369 1451 quo
385 1391 468 1438 autem
483 1388 569 1448 regnat
583 1387 665 1446 Deus,
691 1391 745 1436 lloec
755 1389 911 1436 decemmilb‘c
920 1388 1046 1449 oporam,
1057 1390 1085 1434 et
1095 1389 1226 1437 omnibu

136 1460 223 1519 utique
239 1459 266 1506 iu
276 1471 306 1506 eu
315 1460 415 1517 peccata
429 1468 480 1504 non
489 1455 605 1514 regnant3
617 1466 666 1501 non
690 1458 807 1504 Manussc.
818 1457 878 1514 Quis
889 1457 927 1504 est
942 1457 968 1503 in
979 1455 1042 1503 rubo
1052 1455 1129 1504 visas
1138 1455 1225 1517 Moysi,

136 1529 206 1576 onim
222 1526 274 1574 Deo
288 1536 390 1585 regnum
406 1524 443 1572 est
462 1535 590 1571 commuue
610 1535 666 1569 cum
691 1523 1225 1585 nisiprimogenitusileirilius,qaiait:rpe

137 1596 252 1644 crimine.
263 1595 323 1653 Quis
332 1594 415 1642 autem
423 1592 483 1640 dicit
490 1593 568 1639 Deum
579 1604 665 1652 suum,
690 1607 742 1641 sum
747 1592 1224 1653 Dcaspnlrumlaorummeusdbrnbm

137 1665 187 1715 nisi
195 1658 238 1724 qu'i
247 1664 293 1724 ipsi
303 1662 513 1722 exbibetpleuum
521 1661 666 1710 reverentiae
691 1665 754 1712 Deus
768 1665 847 1721 denuc,
870 1665 933 1710 Deus
950 1660 1123 1709 dacoblldeo
1138 1674 1166 1710 so
1185 1661 1224 1710 do·

137 1730 553 1794 etpietatisatiectumllustoenim
562 1729 665 1778 dicitur:
691 1730 835 1779 monstravit
850 1729 963 1778 humanis
978 1728 1158 1790 adspectibus3
1167 1729 1225 1791 quia

138 1804 189 1864 Epo
198 1815 251 1850 rum
258 1804 322 1849 Deus
333 1803 394 1849 laus.
405 1799 517 1860 Denique
529 1799 554 1845 el
563 1798 667 1846 Thomas
691 1801 811 1848 venturus
822 1799 876 1848 crat
884 1799 912 1864 ut
922 1797 1074 1847 abomnibus
1084 1798 1223 1847 rideretur.

69 1892 76 1905 ·
139 1871 184 1918 ubi
197 1869 280 1931 tetigit
292 1881 367 1917 manu
378 1868 476 1929 propria
488 1868 551 1915 latus
562 1867 666 1928 Christi,
691 1867 747 1915 ideo
755 1867 1223 1928 moasunuatuaetnonexureoutarp

138 1940 165 1987 cl
178 1937 303 1987 evidentia
318 1937 409 1985 indicia
424 1936 570 1984 indubitatae
585 1948 667 1983 resur·
691 1936 749 1995 quia
770 1935 861 1984 terrm
880 1935 952 1983 istam
971 1947 1028 1995 qnae
1048 1934 1126 1983 nobis
1142 1934 1223 1996 spinas

138 2007 256 2056 rectionis
270 2006 379 2065 inuenit,
391 2005 517 2065 respoudit
532 2017 539 2051 r
552 2006 667 2068 Domana
691 2004 843 2063 germinabat
853 2003 879 2051 et
889 2005 980 2061 sentes,
991 2002 1144 2063 disponebat
1152 2015 1223 2052 urere

138 2089 218 2132 mene,
229 2078 322 2124 ctDcns
332 2087 404 2122 meus.
415 2073 548 2132 Dominus,
560 2073 619 2133 quia
629 2085 667 2120 re·
691 2084 737 2131 per
765 2072 925 2122 continentiae
951 2072 1130 2132 disciplinam,
1150 2084 1222 2133 quam

91 2170 94 2177 ,
139 2144 217 2193 demit
230 2144 340 2191 aemulos
355 2154 411 2191 suos
426 2141 526 2200 :Deus,
542 2141 600 2202 quia
618 2153 667 2188 uon
691 2154 833 2190 consumere
842 2153 888 2204 per
901 2141 987 2189 mortis
997 2152 1146 2188 ammaum.
1155 2140 1222 2188 llnde

138 2213 218 2260 solum
225 2210 506 2274 resurrexit,sedetiam
517 2211 603 2270 ipsese
614 2221 667 2258 sus-
692 2211 752 2259 dicit
761 2212 902 2272 Propheta:
917 2213 1037 2260 llrerenes
1046 2223 1131 2268 meos,
1146 2212 1169 2259 ct
1183 2223 1222 2259 cor

138 2279 235 2343 citavit,
247 2280 371 2329 blandavit
382 2280 465 2327 autem
474 2280 565 2328 salutes
579 2280 666 2340 lacob3
691 2293 778 2327 mmm.
794 2277 923 2327 bevelanit
938 2289 996 2338 ergo
1015 2276 1132 2325 futurum
1146 2277 1221 2340 quod-

139 2350 199 2411 qula
217 2349 245 2397 iu
254 2350 356 2412 singulis
371 2348 477 2396 omculis
493 2350 558 2396 salus
572 2348 626 2395 est:
641 2349 666 2394 in
692 2347 747 2394 dam
758 2348 868 2408 corporei
878 2345 1016 2407 splendoris
1026 2345 1221 2409 iudicium,quo

40 2410 43 2415 ’
139 2415 665 2479 singulisquoquesalusestmansionibusr
692 2429 737 2475 per
747 2416 954 2464 resurrectionem
970 2415 1084 2463 carniste
1105 2415 1220 2476 fulgurat.

139 2487 207 2534 salus
228 2485 255 2533 iu
274 2485 419 2533 ministeriis
445 2483 606 2542 Angelorum,
622 2483 667 2544 qui
691 2483 756 2540 Quid
767 2485 833 2532 enim
845 2483 996 2544 significabat
1010 2483 1076 2542 iguis
1087 2483 1221 2543 innoxius,

140 2556 172 2604 nd
180 2554 358 2615 protectionem
369 2552 496 2600 hominum
507 2550 666 2611 deputantur,
692 2553 740 2600 nisi
757 2553 852 2601 lumina
863 2551 1059 2613 resurgentium!
1073 2553 1147 2600 Unde
1159 2565 1221 2614 pra-

139 2624 177 2669 lix
187 2622 300 2670 mandato
308 2635 366 2683 ergo
374 2620 492 2667 Deisalus
501 2619 667 2677 homini,nou
692 2623 780 2671 sumsit
804 2623 931 2682 Apostolus
953 2621 1052 2681 dicere,
1074 2623 1138 2682 quia
1163 2624 1220 2671 ocul

141 2703 175 2738 ex
185 2702 228 2739 sua
234 2689 374 2751 operatione
385 2686 517 2735 confertur.
523 2690 590 2734 Deus
599 2688 667 2735 enim
691 2690 759 2737 stella
776 2705 792 2738 u
806 2691 871 2738 stella
888 2690 964 2747 differt
973 2691 999 2736 tn
1018 2690 1128 2737 claritate
1136 2722 1145 2747 ,
1156 2692 1190 2738 ltu
1199 2692 1221 2739 cl

141 2759 230 2806 maluit
251 2760 280 2807 ut
301 2757 366 2806 salus
387 2756 483 2804 homiui
503 2756 551 2804 tide
569 2756 667 2817 potius,
691 2757 1219 2818 msurrcctlomorluoaum.llicergo,iuquit‚

141 2837 216 2886 quam
239 2826 355 2886 operibus
372 2825 538 2886 quaternium
557 2837 590 2873 uo
612 2826 668 2885 quis
692 2827 777 2875 ueniat
794 2838 869 2886 super
885 2826 960 2885 caput
976 2826 1055 2873 tribus
1071 2826 1178 2886 loseph3
1193 2827 1221 2875 ut

141 2895 288 2954 gloriaretur
302 2895 330 2942 in
341 2895 392 2942 suis
411 2893 495 2951 lactis,
507 2894 533 2940 et
540 2895 667 2954 peccatum
693 2896 787 2943 exaltet
798 2895 872 2955 caput
882 2895 968 2954 populi
986 2893 1024 2942 sui
1036 2895 1221 2944 :venhtetiam

142 2962 287 3010 incurreret.
299 2963 346 3021 Qui
354 2961 438 3010 autem
448 2961 566 3022 gloriatur
576 2961 603 3009 in
619 2963 668 3009 Do·
692 2963 1220 3025 supernerticem3utverticemcapilliper·

141 3031 221 3091 mino,
229 3030 335 3079 fructum
343 3030 443 3091 pietatis
453 3029 575 3091 adquirit,
585 3030 668 3090 etjac-
692 3032 815 3091 ambulet,
824 3031 993 3091 amputaturus
1004 3031 1131 3089 superflua
1145 3032 1222 3081 delic·

142 3099 228 3148 tantiae
236 3100 331 3147 crimen
343 3099 435 3147 evadit.
693 3100 773 3147 torum
782 3131 790 3158 ,
800 3099 993 3148 sanctificaturus
1009 3101 1158 3147 ornamenta
1168 3099 1221 3149 nir·

173 3168 212 3215 ill.
230 3169 275 3216 llic
286 3168 361 3228 igitur
371 3167 462 3229 estqui
475 3167 556 3228 potest
566 3167 667 3218 dicere:
692 3170 783 3218 cutum.

141 3239 310 3287 loteialmicos
320 3238 667 3286 nostrosoentiloblmuscorau.
723 3238 762 3285 ld.
782 3238 828 3285 liic
845 3237 882 3286 est
893 3236 1041 3299 glorificatus
1051 3236 1118 3286 iuter
1134 3234 1222 3288 iratres

141 3306 206 3366 Quid
214 3309 251 3355 est
261 3307 380 3354 vendiare
390 3304 480 3352 comui
497 3305 573 3352 Dedit
582 3305 669 3352 Domi·
693 3305 833 3363 suos3sicut
848 3306 901 3366 ipse
919 3307 996 3354 dicit:
1008 3307 1123 3355 Narrabo
1136 3321 1223 3356 nomen

142 3387 189 3423 nus
208 3386 298 3421 cornua
314 3373 428 3432 pluribus
451 3372 668 3431 animantibus3ut
693 3376 759 3421 laum
776 3375 891 3435 fruindum
915 3378 981 3424 mos.
995 3376 1054 3434 Quae
1079 3376 1161 3435 maior
1185 3377 1223 3426 est

133 3438 235 3504 'possint
249 3453 276 3490 se
287 3453 301 3488 a
311 3440 419 3487 terarum
429 3438 568 3486 incursione
582 3439 669 3486 delen·
693 3440 784 3500 gloria,
793 3453 867 3502 quam
878 3442 1016 3501 pectoribus
1026 3440 1157 3489 nationum
1168 3455 1223 3503 cog·

142 3510 212 3560 dere.
230 3509 335 3569 ideoque
347 3508 372 3556 et
387 3507 431 3555 bos
445 3507 511 3554 leoni
528 3507 669 3567 frequenter
692 3508 812 3558 uitionem
828 3510 966 3560 divinitatis
980 3511 1127 3560 infunderet
1143 3513 1224 3572 Quem

143 3576 245 3637 resistit,
252 3590 336 3626 ursum
345 3575 465 3638 proterit:
477 3589 564 3625 cervus
572 3590 668 3638 quoque
694 3578 720 3625 iu
729 3577 823 3627 visione
834 3577 898 3626 vidit
907 3578 1010 3638 loseph,
1025 3578 1092 3637 quod
1106 3580 1224 3640 manipu-

142 3647 254 3708 quamvis
273 3647 305 3694 sit
312 3645 425 3706 pauidus,
433 3647 516 3693 umen
523 3645 608 3707 etipse
616 3659 669 3694 cor·
693 3647 745 3694 ium
758 3646 811 3706 eius
821 3647 951 3695 adorarent
967 3647 1070 3694 fratrum
1082 3649 1223 3709 manipuli,

143 3715 217 3764 nibus
227 3727 253 3762 se
270 3714 371 3763 tuetur:
382 3714 447 3762 aries
464 3727 562 3776 quoque
580 3715 669 3764 ametat
693 3714 805 3762 adoraret
822 3728 880 3762 eum
896 3717 932 3762 sol
947 3716 973 3763 et
987 3716 1046 3762 luua
1062 3727 1119 3762 cum
1132 3716 1222 3766 stellis.

143 3786 239 3844 lupum.
247 3785 308 3844 Ergo
318 3795 409 3844 eaquae
417 3794 507 3831 cornua
517 3783 669 3832 habeutaui·
693 3782 830 3844 blauipuius
843 3784 887 3831 ille
904 3782 931 3830 in
946 3783 1023 3843 figam
1038 3783 1118 3831 caruis
1128 3784 1223 3845 accipi-

143 3852 232 3910 malia,
243 3851 363 3898 ventilare
389 3849 513 3899 dicuntur.
531 3852 579 3900 Sed
596 3853 668 3900 bomo
693 3852 748 3912 tur3
762 3851 842 3900 omnis
859 3852 926 3899 enim
937 3864 991 3899 caro
1002 3851 1104 3900 ioenum.
1116 3853 1223 3901 Faenum

143 3930 233 3966 currina
249 3930 297 3966 nou
313 3916 395 3965 habet.
406 3917 530 3977 Quomodo
540 3930 597 3979 ergo
607 3933 669 3969 ven·
693 3921 854 3969 bocnostrum
862 3921 982 3980 suscepit3
991 3921 1019 3968 ut
1030 3933 1101 3968 sunm
1110 3921 1223 3968 triticum

142 3985 667 4050 blattouuatviueseripturaqaiddicats
694 3987 893 4050 germinarunt
909 3987 1016 4036 fructum
1035 3987 1225 4040 resurrectionis
