2760 4794
144 402 191 451 266
551 399 670 445 sineri
685 399 846 445 inanest!

141 486 279 537 celestium
299 484 380 545 operis
395 483 452 530 boui
470 494 528 530 urm
548 482 670 530 inolescit.
697 482 774 540 iqitur
783 494 828 530 nes
837 481 906 529 adse
916 481 964 529 liei
974 480 1110 539 Verbum,
1122 480 1234 528 sirutia·

141 558 201 605 Natu
219 555 284 603 sicut
301 552 456 602 meditationi
469 553 598 600 verbomm
616 552 672 599 duis
696 552 741 597 bes
751 551 869 611 scriptum
884 563 891 596 a
905 552 989 598 Verrito
1001 551 1037 597 «d
1051 564 1091 597 nrt
1103 564 1187 597 om
1200 551 1235 610 qui

140 624 257 672 memoria
267 624 319 680 est,
331 622 359 669 ut
368 633 429 681 qna·
434 622 584 669 meditamur
595 623 671 669 verba
696 621 811 668 laboratis
821 623 844 668 et
853 621 946 667 omli
961 621 1036 677 estis,
1047 622 1073 667 et
1082 633 1128 679 eqo
1137 620 1235 676 nstin

140 697 269 742 teneamus
282 704 289 738 ε
303 692 339 739 sic
354 691 521 739 meditationis
536 693 672 751 precepto·
696 703 745 736 sor.
755 688 859 749 ideoque
866 700 1000 748 sequamur
1008 690 1150 735 vocantem
1159 687 1236 734 lioni-

141 775 196 811 rum
211 762 347 809 coelestium
363 761 468 808 intentio
484 761 524 808 vel
541 760 596 808 duis
612 773 671 820 ope·
697 771 756 805 uum
766 760 865 816 losum3
876 760 929 804 ula
945 756 1119 804 sacularibus
1134 757 1168 803 ad
1184 769 1236 816 per·

141 831 204 880 ratio
211 832 258 889 est,
266 830 383 890 actusque
390 829 499 877 directus
507 830 538 878 ad
546 830 672 888 implenda
697 830 771 886 petua
783 828 950 883 transeamus,
960 837 1061 885 nosque
1073 825 1146 885 ipsos
1155 837 1235 887 regere

141 901 263 961 precepta
275 899 375 957 diuina,
385 911 441 958 quae
452 899 501 946 nisi
511 900 567 958 quis
577 898 671 957 diligat,
697 896 846 943 noverimus.

142 969 303 1028 implerenon
311 967 477 1026 poteritzuec
488 968 568 1013 solum
577 967 671 1026 diligat,
731 967 755 1011 5.
775 966 836 1024 Ergo
852 961 946 1021 David,
966 963 1094 1022 quoniam
1115 974 1185 1022 sarpa
1199 974 1236 1008 rr·

142 1034 457 1093 sedetiamnimlsdiliqal.
696 1032 1236 1093 sponsisoraunutauscoeresunmuau

171 1106 211 1152 ed.
223 1104 281 1151 ldeo
296 1103 365 1164 prius
379 1103 480 1163 posuit:
499 1105 531 1151 lit
542 1103 673 1151 meditobar
697 1103 922 1151 remunerationem
949 1101 1011 1148 iidei
1039 1101 1235 1160 meritorumque

142 1179 167 1223 in
179 1175 299 1235 preceptis
318 1175 378 1230 tuis,
392 1185 444 1232 que
461 1173 626 1222 dilectationis.
643 1175 672 1221 et
697 1174 806 1234 speraret
814 1171 954 1230 iore,sicut
963 1168 1235 1228 lahasec-ipim&-

141 1242 248 1301 subjecit
260 1254 267 1289 s
279 1243 310 1288 st
320 1242 392 1289 lenoni
401 1254 486 1289 mnus
498 1255 561 1290 auena
570 1243 601 1289 od
609 1255 672 1302 pro-
697 1244 768 1291 cente
784 1243 835 1289 lieo
845 1239 994 1301 perlatum
1004 1239 1164 1299 proplietam
1176 1252 1183 1285 r
1193 1242 1235 1287 A·

141 1315 206 1373 cepta
218 1315 273 1369 tna,
288 1323 340 1371 quor
349 1311 422 1358 dilexi
435 1312 513 1359 uimn.
526 1311 583 1358 Post
593 1310 672 1357 medi·
696 1315 746 1372 cepi
761 1314 781 1359 tc
795 1313 822 1358 de
836 1311 891 1358 oniti
901 1322 932 1356 ca
949 1322 998 1356 uno
1017 1322 1106 1369 qrcqe3
1121 1311 1152 1355 nt
1168 1310 1200 1356 sis
1211 1310 1234 1356 in

143 1382 259 1431 tationem
269 1381 362 1429 etenim
368 1380 459 1427 bonum
467 1381 506 1427 est
512 1381 596 1428 levare
603 1382 672 1428 actus
694 1383 823 1442 prinnpem
838 1381 864 1427 in
878 1380 992 1440 populans
1006 1391 1096 1425 mss
1105 1379 1234 1438 luscini

141 1452 236 1499 uestros
251 1449 282 1497 ud
292 1450 414 1510 praecepta
429 1450 491 1507 Dei,
506 1450 579 1510 atque
594 1449 619 1496 id
637 1450 672 1497 ia·
696 1463 763 1498 noun
774 1453 849 1497 mun
858 1450 885 1496 in
894 1447 1003 1495 omilin
1017 1447 1110 1507 quitur
1124 1448 1234 1507 inqrdb-

142 1531 200 1567 cere
211 1531 267 1566 eum
279 1519 395 1575 caritate,
404 1530 460 1564 cum
469 1518 571 1577 qaudio;
584 1519 672 1566 utnon
697 1520 773 1579 barm
782 1522 804 1566 rt
812 1518 1180 1566 criminosissimum·
1188 1518 1233 1562 taor

144 1601 176 1635 ex
204 1587 351 1634 necessitate
377 1585 411 1633 sit
431 1586 523 1633 bonum
542 1588 672 1644 nostrum,
696 1603 712 1636 o
727 1589 786 1647 [ude
802 1591 853 1635 tun.
869 1585 899 1632 et
915 1583 1002 1631 inira:
1019 1586 1056 1632 Ei
1074 1587 1183 1645 requie·
1196 1583 1233 1632 nti

142 1669 193 1704 non
208 1669 265 1703 cum
281 1667 385 1702 moerore
398 1656 472 1715 atque
487 1656 618 1709 mestitia,
629 1655 672 1703 sed
696 1658 756 1706 dabo
771 1657 802 1706 oi
816 1655 922 1705 omnibu
935 1655 1040 1702 minicio
1053 1655 1112 1702 tun.
1128 1654 1184 1711 (luo
1198 1664 1233 1700 rs·

143 1723 384 1783 voluntarium3quia
394 1735 480 1770 servus
491 1723 584 1770 invitus
594 1722 671 1781 iacit,
696 1739 783 1788 sponso
798 1726 912 1784 accepto,
927 1725 964 1772 alt
977 1723 1086 1770 Davids
1101 1725 1167 1785 Quid
1186 1736 1232 1772 sun

144 1794 238 1841 amicus
252 1792 413 1840 voluntarius.
424 1793 472 1840 Nos
482 1793 564 1840 autem
575 1793 672 1840 studea·
696 1810 751 1858 eqo,
762 1796 862 1844 nontin
876 1796 938 1842 licus
955 1805 1037 1847 meus,
1050 1793 1075 1837 el
1088 1804 1145 1850 quo
1158 1791 1232 1838 dom

143 1876 198 1911 rrius
209 1864 238 1911 ut
250 1861 348 1910 dicatur
363 1862 451 1910 nobis:
464 1865 578 1910 lemnon
596 1865 672 1910 dicem
696 1880 762 1926 meo3
774 1863 992 1926 quoniomdilcnistr
1004 1872 1046 1907 me
1055 1862 1085 1908 is
1094 1858 1148 1918 lis,
1157 1864 1180 1908 et
1188 1873 1232 1907 ne·

143 1945 281 1990 consertus,
291 1933 330 1980 sed
340 1933 441 1992 eluiem,-
455 1931 512 1990 quia
519 1930 588 1991 quasi
598 1930 672 1977 amici
696 1936 791 1982 munio
805 1935 859 1980 sunt
875 1933 975 1978 mammo
989 1931 1017 1975 in
1035 1927 1167 1990 walpoto
1183 1933 1231 1984 tuo,

142 2001 282 2049 mandatum
290 1999 375 2048 nelex
382 2000 508 2047 voluntate
515 1998 617 2047 fecistis.
624 2000 671 2057 Qui
696 2004 809 2057 Domine,
821 2003 842 2047 el
852 2001 942 2047 locutus
951 2011 976 2046 es
984 2010 1032 2058 pro
1043 1999 1118 2044 dono
1133 1999 1195 2046 mi
1202 1999 1232 2044 ni

143 2068 364 2119 nutemmeditatnr
374 2069 400 2115 el
407 2067 498 2127 diligit,
508 2068 606 2115 etactus
616 2080 672 2115 suos
696 2075 720 2120 in
727 2069 868 2132 lonqinquo?
876 2069 905 2116 et
915 2067 979 2115 inira
987 2067 1023 2113 ait
1035 2079 1044 2112 r
1057 2069 1093 2115 Et
1101 2070 1232 2124 ΜΛ»-

143 2141 222 2198 lcum,
239 2140 266 2186 ut
280 2137 356 2185 iactat
372 2150 428 2197 quae
447 2137 560 2197 placeant
574 2137 640 2196 Deo,
651 2138 672 2184 is
696 2144 758 2188 mine
769 2154 842 2197 meus,
851 2141 965 2194 Domine,
976 2139 1159 2196 inermum
1168 2137 1232 2184 onio

144 2209 218 2257 debet
232 2219 282 2255 neu
291 2207 431 2266 negligere,
446 2219 492 2253 nec
506 2206 672 2254 transcurrere
698 2215 738 2258 lna
748 2212 803 2258 sunl
812 2223 869 2256 ocra
874 2239 883 2264 ,
893 2210 915 2254 et
926 2207 1015 2253 locutus
1027 2219 1055 2253 er
1065 2220 1112 2266 pro
1121 2220 1188 2255 seruo
1196 2208 1233 2253 tao

142 2278 257 2325 inundata
272 2275 356 2324 divina
371 2289 378 2321 ι
397 2275 442 2323 sed
458 2275 569 2322 exerceri
580 2275 607 2321 in
618 2275 671 2334 his,
698 2280 759 2327 bono
771 2279 819 2325 lroec
830 2292 838 2324 .·
850 2280 872 2324 et
882 2289 944 2322 nnnc
955 2277 1031 2334 incipe
1049 2275 1187 2323 mediocre
1195 2277 1233 2322 do-

143 2345 268 2393 innuorari
275 2345 410 2405 plurimum
418 2375 426 2402 ,
432 2343 671 2401 justificationesllei
697 2360 761 2392 mum
768 2345 828 2392 serni
838 2346 885 2400 tui,
893 2345 920 2390 nl
929 2344 973 2390 aisn
981 2344 1007 2388 in
1014 2345 1138 2389 nurum
1148 2345 1174 2390 in
1183 2355 1232 2390 oon

144 2414 230 2462 crebro
250 2414 380 2461 revolvens
398 2411 508 2459 sollicite
529 2412 619 2460 mentis
636 2411 674 2459 ai·
696 2417 773 2475 specte
789 2417 844 2473 tuo3
858 2413 969 2472 nuenton
988 2413 1146 2468 immoriar
1158 2424 1231 2467 neus,

144 2483 219 2531 iectu.
697 2485 810 2539 Domine,
828 2481 916 2528 loeutus
931 2493 969 2536 es,
981 2492 999 2525 o
1013 2478 1179 2526 benedictione
1195 2482 1232 2526 no

371 2545 440 2560 ”””““
699 2552 841 2599 benedicetur
850 2551 932 2596 doinus
942 2548 1003 2596 serti
1013 2549 1052 2594 ini
1061 2551 1089 2594 in
1101 2551 1232 2596 eternum:

233 2617 361 2669 SERMO
390 2618 585 2670 SEPTIMUS.
698 2619 952 2677 hocigiturresponso
965 2616 990 2662 et
1001 2614 1061 2661 aliis
1072 2617 1178 2663 vocatus
1188 2617 1232 2662 lla·

421 2732 426 2741 ,
698 2688 753 2746 vid,
763 2699 860 2745 sperare
869 2697 918 2731 uon
927 2681 1032 2740 desinit,
1045 2684 1075 2730 et
1083 2684 1231 2744 prophetice

362 2733 378 2770 τ’
391 2731 450 2771 zon.
697 2756 753 2802 fidei
765 2754 909 2802 anctoritate
918 2751 1035 2799 convenit
1047 2752 1198 2812 Dominum
1207 2754 1232 2800 ut

176 2828 198 2873 l.
210 2828 324 2872 erruut
336 2821 470 2870 secundum
484 2822 599 2871 Hebraeos
610 2827 671 2873 zain
696 2823 838 2873 meminerit
854 2821 1028 2881 promissorum
1039 2832 1163 2881 suorum,
1174 2835 1232 2882 quo·

145 2893 264 2958 significat
273 2892 349 2940 latine
358 2926 365 2951 ,
374 2894 417 2939 duo
429 2895 449 2939 lc
458 2907 466 2939 .·
475 2892 534 2938 alibi
543 2894 671 2952 significat,
696 2905 752 2938 rum
764 2892 893 2937 immemor
907 2900 1020 2936 essenon
1033 2889 1126 2937 soleat.
1140 2890 1232 2938 Sanctis

144 2968 196 3013 luc.
212 2962 277 3021 Quid
295 2961 343 3009 sibi
359 2961 421 3009 velit
439 2961 486 3008 ista
502 2961 671 3022 interpretatio
696 2962 762 3008 enim
771 2971 930 3020 quaecumque
939 2957 1118 3018 spoponderit,
1129 2961 1231 3021 implere

143 3047 192 3082 non
202 3031 261 3080 satis
270 3030 363 3091 liquet;
374 3031 422 3078 nisi
435 3029 497 3078 forte
505 3031 533 3078 ut
543 3033 672 3092 unusquis·
696 3030 836 3090 consuevit,
847 3029 982 3075 nostrarum
996 3027 1134 3076 immemor
1144 3030 1232 3090 iniqui·

143 3114 192 3162 que
202 3112 228 3148 se
239 3101 322 3160 regat,
334 3099 420 3158 etipse
432 3098 469 3144 sui
478 3098 564 3146 ductor
574 3099 614 3146 sil.
626 3101 670 3147 Vel
696 3101 773 3146 tatum
781 3131 789 3156 ,
798 3110 899 3146 suarum
909 3109 958 3143 neu
973 3095 1110 3146 immemor
1121 3101 1231 3158 sponsio·

143 3172 199 3228 linc,
208 3167 234 3215 id
243 3170 293 3227 est,
305 3167 353 3228 que
365 3167 454 3214 littero
468 3167 543 3224 huius
555 3167 670 3214 versiculi
696 3180 763 3213 num.
773 3167 885 3226 Denique
897 3164 1016 3224 scriptum
1029 3166 1071 3213 est
1083 3181 1091 3214 ε
1102 3171 1156 3230 qu
1167 3184 1229 3227 run,

144 3239 245 3297 vocant,
254 3237 343 3296 dirigat
351 3238 407 3284 iter.
417 3237 550 3296 Meritoque
559 3237 585 3283 in
593 3238 671 3298 primo
695 3251 735 3296 eqo
746 3250 812 3295 sum,
823 3237 864 3296 qni
876 3235 936 3282 deleo
947 3235 1086 3296 iniquitates
1098 3241 1153 3286 tuos
1155 3272 1203 3286 .....
1211 3244 1231 3287 et

143 3309 226 3355 statim
240 3319 314 3354 versu
331 3307 441 3365 requiem
462 3318 531 3351 suam
549 3308 669 3364 postulat:
696 3317 784 3351 memor
794 3317 841 3350 nou
852 3316 891 3350 ero
902 3317 911 3348 .·
922 3305 948 3349 iu
957 3306 1036 3349 nutem
1044 3317 1142 3354 memor
1152 3311 1201 3356 esto
1211 3312 1231 3355 el

143 3376 202 3436 quia
213 3375 265 3432 ipse
277 3373 364 3419 litterae
376 3373 496 3430 septimus
506 3384 624 3422 numerus
635 3379 671 3424 est
691 3375 831 3432 judicemur.
849 3372 909 3419 Vult
929 3371 1042 3419 oblivisci
1064 3387 1230 3436 quaecumque

143 3439 671 3503 quietis.Quaeautemrnajorreqnies,qnam
695 3442 824 3489 minitatus
842 3441 918 3488 tuerit
934 3440 1126 3502 peecatoribus,
1144 3445 1169 3492 si
1180 3446 1230 3494 uias

143 3512 171 3557 nt
182 3510 207 3555 in
218 3509 295 3556 verbo
305 3508 351 3555 Dei
363 3507 516 3566 requiescat,
529 3509 600 3567 atque
617 3510 671 3569 ejus
696 3511 827 3570 aliquando
838 3509 981 3558 convertant
992 3522 999 3554 r
1009 3510 1066 3557 vult
1081 3512 1161 3559 etiam
1174 3526 1230 3560 con-

143 3592 169 3625 se
177 3577 253 3637 qratia
265 3578 291 3624 ei
301 3576 465 3623 consolatione
476 3576 623 3625 demulceat.
695 3580 791 3637 veniri,
800 3580 828 3627 ut
837 3579 921 3637 siquis
931 3579 1055 3638 proposita
1066 3582 1172 3629 secutus
1182 3583 1231 3630 rir-

111 3642 114 3657 '
173 3646 197 3694 ἓ.
215 3648 343 3703 dinnento,
360 3645 454 3704 inquit,
476 3648 589 3704 Domine,
607 3649 672 3696 verli
696 3647 912 3706 tutibuspraemia,
923 3648 986 3694 bene
999 3647 1150 3709 certaverit,
1163 3650 1230 3698 fruc-

143 3718 178 3764 tni
188 3727 253 3764 servo
265 3717 303 3762 tuo
311 3746 319 3771 ,
334 3716 360 3760 in
374 3728 419 3774 qno
433 3715 491 3761 milii
503 3729 565 3775 spem
581 3718 668 3765 dedisti.
695 3716 748 3762 tum
767 3716 973 3764 remunerationis
991 3718 1140 3779 exspectet3
1169 3721 1229 3780 quin

142 3783 249 3831 Verbum
259 3782 305 3830 Dei
316 3781 423 3839 dejectos
433 3795 477 3830 nos
487 3784 560 3843 atque
572 3783 670 3843 depres·
695 3786 770 3832 etiam
791 3786 887 3845 exigat,
905 3786 970 3834 sieut
988 3785 1064 3833 habes
1086 3788 1229 3848 scriptum:

143 3867 181 3899 sos
192 3852 222 3898 ad
230 3851 355 3899 coelestem
364 3849 465 3910 qratiam
475 3853 632 3912 provocavit3
642 3855 670 3901 ut
695 3857 817 3903 columen
836 3855 922 3901 bonnm
943 3856 1043 3911 certavi,
1062 3869 1163 3904 cursum
1174 3871 1231 3905 con-

143 3920 309 3969 desideremus
319 3919 496 3978 aeternitatem,
507 3921 669 3980 despiciamus
693 3925 807 3971 eliminavi
819 3939 827 3970 ε
838 3926 979 3983 repositorii
990 3923 1048 3970 midi
1058 3937 1151 3972 corona
1158 3927 1231 3983 insti-

142 3989 288 4049 praesentia,
309 3989 480 4048 temporalium
498 3989 614 4037 incuriosi
630 3990 670 4038 iu·
694 3993 740 4038 ltoe.
757 3993 808 4038 Non
824 3992 860 4039 est
871 3991 937 4038 enim
953 4003 1066 4050 arrogans
1081 3995 1229 4052 usurpatio,

142 4059 197 4107 tura
217 4059 241 4106 et
260 4057 393 4108 invisibilia
413 4056 575 4118 requiramus.
593 4058 669 4107 Vocat
693 4059 736 4106 sed
744 4059 902 4120 fidelissquia
912 4059 1086 4111 rerumlleum
1095 4072 1147 4109 nou
1157 4069 1231 4121 posse
