2760 4794
362 509 393 552 ln'
409 509 566 553 nselmum
581 510 646 552 XLV
664 509 867 554 unnnnnuio.
1119 511 1163 559 {83

84 585 155 635 datur·
171 600 246 636 anuto
260 592 394 650 capientia,
411 591 453 638 atii
465 591 520 649 fides
533 593 558 637 in
573 603 613 636 eo-
638 591 785 650 aperuimus
796 588 1070 650 orgoquoddictumest
1082 606 1089 637 τ
1102 596 1164 642 Deru
1219 601 1225 612 ·

82 656 133 699 dem
152 658 239 716 Spiritu
245 691 254 715 ‚
272 658 313 704 otii
328 658 406 716 oratio
422 658 571 703 curationum
586 658 611 703 in
636 662 662 706 iu
671 662 745 708 medio
757 661 805 718 ejus
815 673 862 706 nou
874 661 1059 708 commovebitur.

81 725 386 785 uaoSpiritu,atiioperutio
394 725 547 771 virtutum...
556 727 611 771 noc
667 726 704 774 lt.
716 729 832 787 Sequitur
843 741 849 773 ε
862 728 986 786 Adiuvabit
994 743 1046 776 eum
1058 732 1120 776 Deus
1130 731 1164 776 di·

82 793 144 837 enim
162 796 272 852 operatur
289 795 368 841 omnia
386 806 448 840 uuus
463 795 532 852 atoue
551 794 610 840 idem
636 798 720 843 luceto.
732 795 1162 856 Quosignificaturquiaresurrectio

82 861 193 919 Spiritus,
210 863 414 922 dioilenaoinoutis
425 866 494 922 prout
505 864 562 910 irruit.
579 863 609 908 lli
636 865 755 911 matutina
774 865 970 922 adjumentorum
988 864 1059 911 nobis
1077 865 1163 911 coelos-

81 928 138 1005 surii
149 928 256 989 impetus
269 930 391 990 tluminis,
407 943 461 977 cum
480 943 506 977 se
517 931 544 977 in
555 943 610 990 gra·
635 934 698 982 tium
709 933 819 981 subsidia
830 932 937 987 confert,
949 945 1004 991 quae
1016 933 1111 979 noctem
1124 944 1163 978 rc·

82 994 140 1041 tram
157 998 351 1046 ministeriorum
367 998 516 1058 operationis
535 999 608 1058 atque
634 1002 787 1061 pulit,diern
796 1001 1009 1058 retudit,dicente
1018 1001 1160 1059 Scriptura:

81 1063 608 1126 virtutisspontaneadivisionotranstumllt.
634 1073 707 1129 Surqe
718 1072 759 1129 qui
768 1071 855 1116 dormis
860 1101 868 1126 ,
881 1070 902 1115 et
913 1081 1011 1128 ausurae
1021 1082 1036 1114 o
1047 1071 1161 1116 mortuis:

112 1133 150 1180 45·
163 1136 206 1183 His
221 1136 295 1195 igitur
306 1135 415 1183 fluminis
426 1136 527 1194 superni
542 1147 609 1181 mea·
634 1142 655 1187 ct
673 1141 784 1186 ittucesoei
803 1138 846 1186 tibi
863 1138 977 1186 Uitrietus.
1000 1137 1061 1184 Vide
1079 1137 1162 1184 autem

81 1200 148 1250 tibus
156 1205 244 1250 civitas
252 1204 295 1250 illa
304 1204 330 1250 in
341 1216 388 1263 qua
398 1204 463 1250 Deus
474 1202 608 1262 inhabitat,
635 1208 786 1267 mysterium.
802 1208 910 1266 Vespere
926 1218 1010 1265 passus
1027 1207 1064 1252 eet
1082 1206 1162 1253 Cirris-

82 1271 211 1331 irrigatur,
229 1273 254 1320 et
265 1271 429 1318 sanctiticatur
441 1270 559 1316 elltissimi
572 1272 610 1316 ta·
635 1277 674 1321 tuo
685 1288 692 1320 z
704 1275 760 1320 ideo
772 1276 797 1321 et
811 1274 945 1321 secundum
958 1274 1046 1333 legem
1059 1274 1091 1321 ad
1106 1287 1162 1321 ves-

15 1398 20 1403 *
81 1338 256 1399 bemaculum,
268 1339 345 1386 omnis
358 1339 437 1384 anima
448 1351 502 1397 quae
511 1339 610 1384 inhabi-
634 1355 717 1400 peram
729 1357 805 1403 agnus
815 1344 943 1391 occiditur.
952 1345 1025 1403 ¹blane
1040 1344 1161 1404 surrexit3

81 1409 147 1456 tatur
158 1423 172 1456 a
183 1409 290 1467 Christ03
305 1409 345 1456 rel
361 1419 448 1465 corpus
464 1406 526 1452 illud
543 1407 607 1465 quod
633 1412 668 1457 sic
680 1411 747 1458 enim
758 1411 923 1470 scriptumest
934 1424 941 1458 τ
955 1413 1006 1459 Uno
1018 1414 1095 1458 cutem
1107 1412 1160 1459 aab·

81 1478 154 1537 Virgo
166 1477 307 1535 generavit,
319 1476 349 1522 dc
360 1487 407 1534 quo
418 1473 516 1521 Gabriel
527 1474 608 1533 Ange·
634 1480 682 1526 boii
690 1481 979 1539 oeuttMomoltopdoteue
987 1481 1065 1539 primo
1073 1479 1122 1526 luce
1130 1481 1161 1526 oet

79 1546 119 1593 lus
127 1546 242 1592 dinitzllt
251 1547 310 1605 quod
318 1547 425 1591 remeetur
432 1556 462 1589 eu
471 1545 491 1589 te
502 1545 607 1589 sonetum
631 1551 816 1603 mouumentum,
826 1561 878 1594 oum
885 1547 1019 1594 adltuceesot
1028 1548 1160 1607 obscurum,

79 1615 200 1662 uocabitur
210 1615 283 1661 Filius
293 1615 337 1661 Dei
351 1613 405 1659 aiei.
421 1612 514 1657 Bonum
525 1611 607 1657 taber-
631 1618 652 1661 et
660 1617 716 1662 uidit
724 1616 823 1674 lapidem
832 1618 937 1661 amotum
945 1615 975 1662 ab
983 1617 1049 1662 ostio.
1061 1615 1097 1662 ild
1106 1627 1160 1662 ves·
1255 1623 1256 1626 ’

77 1683 208 1740 naculum,
223 1680 289 1741 quod
298 1680 366 1726 nulla
376 1678 510 1738 potuerunt
520 1678 607 1724 obum-
631 1696 714 1743 peram
725 1685 810 1731 mundi
821 1684 953 1742 occiditur,
964 1683 1096 1732 deficiente
1106 1685 1157 1742 iam

80 1751 150 1798 brare
175 1750 285 1811 peccata.
310 1747 460 1796 Admirabile
486 1746 605 1806 templum
630 1752 698 1811 luee;
716 1753 774 1811 quia
791 1752 817 1799 in
834 1752 944 1799 tenebris
963 1751 1016 1798 erat
1034 1751 1074 1799 liic
1092 1752 1159 1799 totus

80 1819 140 1878 Dei,
149 1820 174 1866 et
182 1820 239 1867 aula
246 1815 435 1876 coelestis,quod
442 1815 548 1862 solutum
555 1828 607 1862 eor·
630 1821 747 1879 mundus,
759 1824 785 1869 et
800 1821 933 1879 majoribus
944 1820 1030 1868 luisset
1044 1821 1158 1867 tenebra·

79 1888 161 1948 rumpi
178 1900 227 1935 non
242 1887 335 1948 potuit;
354 1885 398 1933 sed
415 1884 479 1931 intra
497 1884 606 1932 triduum
630 1900 685 1934 rum
694 1890 857 1949 squalloribus
868 1890 1006 1947 involutus3
1017 1888 1065 1936 nisi
1076 1889 1158 1935 Chris·

80 1957 229 2015 resurrexit,
249 1954 420 2004 resuscitatum
442 1951 472 1999 ab
494 1951 546 2012 ipso
564 1955 606 2012 qui
630 1959 670 2005 tus
683 1960 753 2006 nobis
764 1972 778 2007 e
789 1961 851 2007 coelo
867 1961 912 2006 lux
927 1960 1019 2006 aeterna
1033 1960 1156 2017 venisset,

80 2025 333 2074 mortuusvidebatur.
342 2024 391 2071 Nee
400 2022 499 2080 mirum,
510 2021 606 2081 quando
630 2028 776 2074 innoeentiae
797 2029 907 2088 tempora
926 2027 1013 2087 generi
1031 2026 1158 2074 refusurus

80 2096 146 2143 Deus
158 2095 185 2143 in
199 2094 280 2142 medio
294 2093 400 2141 civitatis
417 2092 471 2150 ejus
482 2092 548 2150 erat,
560 2103 605 2138 nee
631 2095 746 2141 humano.
755 2095 1155 2155 Passusestergollominusiesus,

81 2164 216 2211 commotus
233 2161 284 2222 est3
301 2163 353 2209 sive
369 2159 426 2220 quia
440 2159 533 2206 nullius
548 2171 606 2218 pec·
631 2164 657 2209 et
664 2164 781 2222 sangiune
792 2176 834 2211 suo
843 2165 925 2210 nostra
934 2163 1033 2222 peccata
1042 2163 1157 2220 donavit,

80 2233 129 2280 cati
143 2232 296 2293 prolapsione
309 2229 443 2277 commotus
460 2227 497 2274 est
509 2228 554 2273 Dei
568 2228 607 2272 Fi·
631 2230 675 2277 lux
695 2232 793 2278 refulsit
813 2231 970 2277 conscientiae
991 2230 1110 2288 purioris,
1132 2232 1158 2277 et

80 2301 144 2360 lius,
162 2313 209 2347 nee
230 2297 336 2356 alicujus
360 2295 448 2343 erroris
471 2295 605 2342 offensione
630 2297 683 2345 dies
693 2297 846 2357 resplenduit
856 2297 940 2356 gratiae
949 2296 1076 2355 spiritalis.
1088 2297 1157 2343 Unde

79 2368 211 2428 titubavit,
225 2370 268 2416 aut
282 2365 413 2425 corporalis
426 2364 549 2412 illecebrae
559 2378 604 2412 nu·
631 2367 656 2412 et
663 2368 791 2425 Apostolus
801 2367 835 2413 ait
844 2379 849 2411 :
859 2367 914 2412 Noa
918 2366 1036 2424 praecessit
1041 2395 1049 2420 ‚
1062 2366 1157 2424 dieuco-

81 2439 144 2486 tavit
164 2439 286 2498 impulsu;
303 2436 355 2482 sive
370 2435 428 2494 quia
444 2446 493 2480 non
505 2433 605 2492 reliquii
628 2437 800 2495 propinquavit.
812 2433 987 2492 Evigilavimus
1000 2432 1090 2491 igitur,
1106 2433 1163 2490 jam

61 2508 186 2556 ,animam
197 2507 250 2565 eius
264 2506 310 2553 Dei
325 2503 415 2565 gratia,
427 2503 471 2550 scd
482 2503 606 2562 insepara-
629 2515 678 2550 non
697 2503 855 2550 dormiamus.
874 2502 974 2548 Vestem
992 2500 1054 2547 lucis
1073 2499 1156 2546 indui-

79 2577 138 2625 bilis
147 2577 173 2624 iu
184 2574 323 2635 eamansit,
333 2573 399 2634 quod
411 2572 441 2618 ab
452 2571 519 2620 omui
531 2573 605 2619 collu-
628 2584 697 2621 mus.
706 2585 754 2619 non
763 2571 789 2618 in
798 2571 901 2618 amictus
909 2569 1045 2616 tenebrosae
1054 2580 1156 2616 convcr-
1206 2624 1210 2630 ,

80 2646 154 2693 vione
180 2644 265 2692 delicti
290 2641 446 2689 immaculata
471 2639 603 2687 duraverit.
629 2641 727 2688 sationis
757 2640 832 2700 atque
860 2639 963 2686 exuvias
992 2638 1155 2686 revertamur.
1240 2686 1242 2691 Α

80 2715 148 2762 Unde
165 2715 191 2762 et
207 2714 238 2761 ad
254 2712 349 2760 Patrem
364 2711 412 2757 Dei
428 2709 504 2756 Filius
521 2709 603 2756 dixit:
628 2710 848 2757 comessationibus
868 2708 940 2767 atque
961 2706 1076 2765 deliciis,
1101 2718 1155 2765 qum

78 2786 126 2833 Nec
133 2783 383 2843 deretinqueeouimom
390 2779 497 2825 meomia
504 2778 603 2836 inferuo.
628 2779 741 2826 nocturni
752 2779 809 2825 sunt
817 2777 949 2835 temporis,
961 2776 1015 2821 vale
1026 2774 1135 2821 diximus
1146 2787 1154 2821 τ

79 2855 140 2914 Ergo
149 2853 207 2913 quia
218 2849 316 2898 suberat
327 2848 350 2895 ei
364 2858 411 2893 uec
421 2845 448 2891 in
458 2857 530 2892 carne
546 2858 605 2904 pec·
629 2847 787 2894 sobrietatem
815 2845 950 2903 elegimus,
982 2843 1050 2901 eujus
1078 2842 1155 2902 gratia

79 2936 150 2981 care,
167 2921 250 2968 divine
259 2918 294 2966 ait
305 2930 312 2963 ε
323 2917 374 2977 Eoo
385 2918 410 2962 tu
419 2916 491 2961 Patre
502 2917 524 2961 et
533 2917 606 2962 Potor
628 2914 702 2961 Jacob
714 2915 832 2975 primatus
846 2924 907 2972 quos
921 2923 971 2958 nou
980 2909 1100 2966 habebat,
1116 2908 1155 2956 iu·

78 2997 105 3041 iu
122 3006 158 3040 me
175 2993 217 3039 est.
230 2990 259 3035 ut
276 2987 336 3034 alibi
351 2998 358 3030 ι
376 2985 485 3031 Traditus
502 2997 567 3040 oum,
584 2989 605 3030 et
629 2983 707 3029 venit.

78 3075 128 3109 noa
139 3057 279 3118 eorcdiebor.
296 3055 331 3101 Ab
341 3064 370 3099 eo
380 3050 465 3109 utique
476 3062 526 3096 non
537 3063 606 3109 ogre·
660 3051 698 3096 la.
710 3050 739 3095 lu
749 3049 805 3096 aliis
814 3044 1047 3108 quoqueoodicibus
1058 3043 1156 3089 inveni·

79 3125 210 3182 diebatur,
221 3121 262 3169 cui
270 3119 334 3167 dixit
344 3118 427 3178 postea
439 3129 446 3161 ε
458 3117 605 3172 Excurrexi,
630 3116 686 3163 tur:
699 3117 823 3175 Adiuvabit
831 3129 882 3162 eom
892 3117 953 3161 Deus
960 3114 1025 3160 uultu
1032 3124 1083 3159 auo.
1092 3110 1156 3168 Quid

78 3196 102 3242 et
112 3193 187 3240 edituo
202 3193 275 3237 tecum
285 3199 346 3235 euin.
364 3183 410 3231 Ubi
425 3184 507 3230 autem
519 3184 607 3244 aliquis
631 3185 677 3233 boc
692 3197 788 3245 quoque
809 3181 946 3242 significet,
962 3181 1015 3239 ipse
1034 3178 1156 3239 Propheta

77 3258 276 3324 graviuspeccat,
284 3253 450 3304 commoretur
458 3255 521 3301 ineo
529 3255 606 3314 Deus,
631 3266 673 3300 uos
683 3252 778 3301 doceat.
793 3253 902 3310 ttamque
914 3249 967 3309 ipse
977 3249 1004 3295 in
1013 3247 1156 3309 posteriori-

77 3334 107 3382 ut
120 3333 151 3379 ab
166 3344 194 3379 eo
210 3328 326 3377 transeat.
341 3325 411 3374 Unde
429 3327 455 3373 et
474 3324 531 3371 Adae
546 3336 606 3384 pec·
630 3322 675 3368 bus
685 3321 750 3369 dixit
760 3334 766 3368 :
776 3322 871 3370 Ostende
879 3320 963 3378 taciem
977 3321 1056 3375 tuom,
1066 3320 1088 3365 et
1098 3318 1156 3365 uolet

78 3400 144 3449 canti
151 3398 307 3447 deambulare
312 3394 380 3443 risus
387 3392 438 3452 est,
447 3393 472 3441 eb
480 3391 604 3451 Stephano
629 3393 723 3438 erimus·
734 3389 870 3449 adspectus
881 3398 938 3446 ergo
949 3385 1009 3446 Uei,
1024 3386 1089 3434 salus
1099 3397 1156 3432 noe-

76 3471 153 3530 stare,
163 3469 221 3528 quia
228 3468 271 3514 ille
279 3467 305 3512 in
314 3463 514 3526 praevaricatione
523 3463 605 3522 lapsus
630 3460 666 3506 tra
677 3459 728 3517 est,
739 3459 812 3517 atoue
824 3457 850 3503 in
859 3455 912 3514 eius
919 3456 990 3503 vultu
998 3455 1106 3502 nostrum
1117 3454 1155 3501 est

79 3540 131 3597 est,
146 3538 187 3586 bic
202 3539 229 3584 in
243 3535 359 3594 martyrio
377 3533 514 3580 coronatus.
533 3533 563 3579 Et
579 3532 604 3579 in
628 3527 808 3584 adiumentum.
820 3526 848 3571 lu
859 3537 907 3585 quo
917 3523 1107 3584 quantavisuit,
1119 3523 1156 3569 di·

78 3605 201 3653 zachariae
210 3604 273 3650 libro
280 3603 314 3649 ita
321 3601 438 3661 scriptum
447 3601 484 3647 est
495 3613 502 3645 ι
514 3600 604 3648 Ambe.
629 3595 686 3642 viua
696 3595 817 3654 scriptura
824 3593 945 3653 declarat,
956 3607 1010 3654 quae
1020 3605 1068 3640 non
1078 3593 1155 3640 otiose

78 3675 135 3723 tobit
154 3676 179 3720 iu
199 3671 351 3720 commotione
375 3669 540 3728 iudiouutiom'a
563 3671 605 3717 troe
629 3663 755 3719 adtexuit,
766 3661 939 3722 (immittit
950 3666 1154 3722 Demarcpermu-

78 3757 127 3792 auoe
142 3745 265 3791 monimus.
281 3739 368 3799 Simile
385 3737 411 3785 et
425 3737 453 3783 in
472 3738 604 3796 Evangelio
629 3731 1031 3789 rreraAbel,cupormunerooutem
1039 3732 1155 3779 Coinaou

79 3812 171 3859 dictum
184 3811 221 3860 est
237 3808 329 3857 tudaeis
341 3821 347 3854 :
359 3808 419 3855 Uoco
436 3807 605 3866 derelinquetur
629 3801 743 3859 ttsstttxl'tt
758 3800 784 3845 θῑ
795 3799 850 3845 ideo
863 3799 1020 3847 &intimatus
1031 3799 1068 3844 est
1080 3796 1154 3852 Cblsss

77 3881 142 3928 vobio
158 3881 239 3928 domus
256 3881 335 3926 vestra
352 3877 450 3935 deserta.
467 3873 605 3933 Dereliquit
629 3867 694 3925 quod
702 3866 845 3914 sacrificium
856 3879 927 3913 stium
935 3868 989 3913 Duo
1001 3863 1155 3924 displicuisse

79 3947 146 3996 enirn
153 3947 272 3994 Dominus
279 3945 387 4002 iudaeos,
399 3943 425 3990 et
432 3941 605 3990 statimseeuta
630 3933 757 3994 cognovit,
772 3934 893 3994 placuisse
911 3931 1029 3993 germani·
1041 3929 1110 3977 Unde
1128 3931 1155 3976 ot

80 4015 356 4075 estruinasynagogam.
365 4010 459 4071 Quodsi
466 4011 605 4058 sementis.
629 4002 691 4050 illud
700 4002 764 4062 quod
771 4002 845 4049 bodie
853 4001 880 4048 in
887 4000 974 4060 psalmi
982 3994 1134 4057 responsorio
1144 3994 1155 4014 ⁴

79 4087 120 4132 tus
142 4097 191 4132 non
209 4082 373 4141 deseruisset,
396 4091 528 4157 numquam
544 4091 604 4156 eum
623 4071 1154 4155 m

78 4160 220 4212 Supremam
240 4149 369 4212 sequutum
387 4148 450 4198 essct
468 4147 603 4197 excidium.
629 4161 716 4208 ungulis
727 4159 853 4199 lectionibus
868 4157 994 4204 subsidium
1008 4158 1155 4210 vocanturque
