2760 4794
154 419 201 468 itt
558 423 677 467 sineri
692 422 853 468 tuunosrr

154 500 298 563 turae,tldel
305 500 375 550 testis
383 500 524 550 adhibetur.
532 503 596 562 Quid
606 504 680 550 etiam
707 505 776 552 Unde
787 507 813 552 et
824 503 902 551 David
911 504 1004 552 docens
1013 504 1173 565 sapientiam
1182 505 1242 561 natu

154 571 206 620 tres
221 573 279 619 libri
293 572 440 628 Salomonis,
452 584 514 619 intus
530 572 561 619 de
579 575 682 619 Prover-
707 572 784 618 talem
798 586 804 618 τ
816 575 915 630 Emitte,
926 572 1028 631 inquit,
1041 575 1163 634 Spiritum
1173 578 1245 632 ism,

155 640 213 699 biis,
225 642 287 687 alius
298 639 467 699 Ecclesiastes,
481 640 570 687 tertius
581 641 612 687 de
622 640 683 686 Can·
708 641 730 685 et
740 641 889 705 creabuntur.
901 640 981 688 Docet
996 642 1113 688 moralia
1129 643 1158 688 in
1168 643 1245 689 eodem

154 708 380 765 ticiscanticorum3
400 708 449 754 nisi
464 709 536 756 trinae
554 709 628 766 hujus
646 721 682 755 os-
707 705 785 765 llbro,
800 719 856 754 cnm
873 720 913 755 me
931 710 959 755 in
976 709 1032 756 illis
1050 709 1246 757 beatitudinibus

155 774 259 821 tendunt
272 774 344 822 nobis
362 775 490 834 sapientia
512 777 622 822 sanctum
640 777 680 822 Sa«
708 774 781 822 docet
797 789 877 824 mores
895 790 902 823 r
923 779 1149 837 quemadmodum
1172 790 1244 825 amare

154 842 275 888 lomonem
303 842 380 890 fuisse
412 840 551 889 solertem!
577 843 624 900 Qui
651 843 681 890 de
707 844 1245 905 inimicumdebeamaquemadmodurnouc

154 910 339 957 rationabilibus
356 911 381 957 et
397 910 486 958 ethicis
500 909 528 955 ln
543 909 682 958 Proverbiis
707 912 825 970 referire,
837 912 863 959 et
872 925 921 959 non
932 914 1110 967 repercutere
1120 914 1244 960 verberan-

153 980 263 1039 scripsit,
276 980 306 1026 de
317 980 470 1026 naturalibus
484 979 511 1024 in
520 980 681 1026 Ecclesiaste:
707 980 776 1026 tem:
791 980 998 1040 quemadmodum
1014 980 1243 1040 benefacere‚mr-

153 1042 212 1108 qnia
232 1050 332 1097 Venitur
347 1050 479 1094 sonitatum
486 1079 494 1103 ‚
507 1050 529 1094 et
543 1049 624 1095 omniu
638 1061 682 1096 ou-
706 1048 776 1094 tuum
788 1047 846 1094 dare
858 1059 913 1094 cum
925 1047 1113 1106 desperatione
1124 1061 1243 1109 recupera·

154 1119 231 1172 nitus,
240 1127 294 1174 quae
310 1114 336 1160 in
349 1115 395 1161 hoc
409 1114 500 1160 mundo
514 1114 572 1160 sunt
590 1116 682 1162 consti·
707 1115 846 1171 tionis,aut
854 1116 1073 1162 remunerationis
1085 1117 1112 1162 et
1123 1117 1241 1164 mercedis.

154 1186 221 1240 tuta,
241 1184 349 1232 Vanitati
370 1184 431 1229 enim
454 1185 563 1229 nectura
579 1182 681 1240 subjectu
706 1184 798 1229 Merces
814 1183 880 1229 enim
892 1181 992 1230 facilius
1009 1184 1191 1243 seqnitarrnon
1202 1197 1241 1232 ex-

153 1255 186 1300 est
196 1268 205 1312 ,·
217 1252 247 1298 de
258 1252 391 1316 moralibus
402 1250 486 1313 autem
492 1284 499 1310 ,
513 1251 539 1297 et
548 1251 681 1302 rationabi·
706 1251 970 1310 spectantemllocuit
982 1253 1069 1301 etiam
1079 1254 1240 1313 rationabilia,

152 1315 219 1367 libus
232 1320 259 1366 in
274 1312 380 1368 canticis
395 1320 558 1378 cantieorum
572 1332 601 1366 eo
616 1319 681 1387 quod
706 1332 762 1365 cnm
773 1320 827 1377 lego
835 1352 842 1378 ,
850 1318 968 1378 moniam
980 1321 1031 1379 Qni
1039 1322 1119 1378 fidelia
1128 1326 1163 1371 cai
1172 1325 1240 1370 inuri·

152 1402 209 1436 cum
219 1389 307 1435 animae
317 1388 406 1435 nostrae
417 1387 566 1435 amurVerbl
574 1388 681 1435 coelestis
705 1389 784 1444 mino,
795 1390 866 1437 etiarn
881 1389 907 1434 in
921 1388 1016 1447 maiore
1032 1389 1113 1446 tidelis
1128 1393 1172 1439 cst.
1184 1391 1240 1450 Quid

151 1457 304 1515 inlunditur,
317 1457 344 1503 et
361 1456 502 1503 rationabili
515 1468 585 1503 mens
596 1456 680 1503 sancta
705 1455 785 1503 adbuc
800 1456 831 1503 de
842 1456 997 1503 naturalibus
1015 1457 1121 1517 dicam,
1131 1459 1240 1518 quodda-

150 1526 256 1586 quadam
276 1524 392 1571 societate
411 1525 580 1584 connectitur3
601 1524 680 1572 admi-
705 1524 1240 1584 cuitrinuieseoelommmoveri,i)omnn

150 1596 229 1642 randa
239 1593 357 1653 mysteria
368 1594 517 1640 revelantur.
623 1600 626 1606 ·
704 1593 848 1639 solumessc
863 1592 1026 1651 unigenitum
1042 1595 1092 1640 liei
1108 1595 1238 1655 Filium‚ia

79 1700 83 1705 .
180 1662 205 1707 5.
224 1659 385 1718 Evangelistis
403 1671 499 1718 quoque
520 1671 594 1719 quam
608 1660 679 1720 putas
705 1659 774 1716 cujus
784 1661 896 1720 passione
912 1660 1239 1720 tenebraeperdiemfarh

150 1726 259 1774 defuisse
276 1726 607 1786 sapientiam3quoruma1ii
622 1741 678 1775 cum
703 1730 775 1787 sunt,
784 1729 850 1775 terra
859 1729 987 1775 obscurata
999 1729 1058 1788 est,
1068 1731 1106 1779 sol
1118 1729 1220 1791 refugiit

149 1796 226 1842 variis
245 1794 377 1854 generibus
395 1794 445 1841 sint
462 1793 563 1854 referii,
586 1796 677 1855 singuli
734 1797 758 1843 5.
772 1799 834 1856 Ergo
845 1809 943 1844 ornnem
958 1809 1040 1856 quem
1056 1799 1184 1847 mundana
1196 1798 1241 1849 sibl

33 1898 37 1905 .
92 1888 98 1900 ι
149 1863 233 1911 tamen
253 1862 349 1909 diverso
370 1873 461 1920 genere
481 1861 618 1920 praestantl
637 1866 679 1912 Est
703 1865 834 1923 prudentia
855 1865 914 1912 falso
929 1864 1048 1912 vindicat
1060 1866 1237 1926 principatum,

149 1930 217 1978 eninr
228 1943 287 1978 vere
303 1929 422 1989 sapientia
434 1929 554 1976 naturalis
569 1931 596 1978 in
614 1932 678 1979 libro
702 1933 824 1991 sepientis
835 1945 895 1980 rere
906 1933 1019 1992 possidet
1030 1932 1173 1991 spiritalis:
1181 1948 1235 1996 pra·

148 1999 309 2059 avangelista
319 1999 444 2046 iohannis.
456 2000 532 2045 Nemo
543 2001 624 2059 enim,
635 2013 678 2047 aa·
703 2001 787 2047 sertim
802 2014 873 2060 cum,
885 2001 1004 2047 audacius
1020 2003 1052 2049 nt
1061 2001 1163 2063 aliquid
1174 2006 1236 2051 usar}

148 2069 195 2115 deo
207 2069 288 2127 dicere
295 2102 306 2134 ,Ι
313 2068 380 2114 tanta
388 2067 538 2114 sublimitate
549 2063 677 2128 sapientie
702 2080 802 2127 pernas,
811 2069 864 2131 ipsa
873 2070 932 2124 fides
942 2068 1027 2115 nostra
1035 2103 1044 2130 ,
1052 2071 1143 2134 ¹ipsum
1154 2073 1236 2132 myrta·

147 2137 302 2195 maiestatem
313 2136 361 2183 Dei
369 2135 447 2194 vidit,
459 2137 484 2184 et
494 2136 564 2184 nobis
577 2139 676 2197 proprio
702 2135 767 2182 rium
776 2137 962 2185 ‘trinitatissine
974 2137 1024 2184 bac
1034 2138 1236 2199 triplicisapien·

147 2197 260 2252 sermone
271 2205 400 2252 reserarit.
412 2204 572 2251 Transcendit
582 2206 675 2265 nubes,
702 2205 737 2250 tia
759 2217 811 2251 esse
827 2216 876 2251 non
891 2204 979 2262 possit,
997 2205 1051 2252 nisi
1068 2208 1201 2256 credamus
1213 2210 1237 2258 et

146 2273 299 2322 transcendit
316 2274 427 2321 Virtutes
446 2274 577 2331 coelorum,
596 2275 676 2321 trans-
701 2272 773 2335 illum
793 2272 938 2318 naturaliter
957 2271 1082 2333 Patrem,
1103 2276 1150 2336 qui
1171 2277 1240 2337 nubta

146 2342 230 2392 cendit
240 2341 356 2400 Angelos,
367 2343 393 2388 et
401 2342 509 2389 Verbum
520 2341 545 2386 in
554 2342 675 2399 principio
700 2339 787 2399 genuit
796 2341 986 2388 Redemtorem:
1001 2342 1031 2388 et
1041 2342 1118 2390 illum
1130 2345 1239 2393 ethicam

145 2411 255 2472 reperit,
272 2410 298 2457 et
311 2410 420 2457 Verbum
435 2409 501 2468 apud
511 2410 591 2469 Deum
601 2410 673 2457 vidit,
700 2407 804 2466 Filium,
816 2408 859 2467 qui
870 2408 934 2455 Patri
945 2421 1028 2468 usque
1040 2410 1073 2456 ad
1083 2413 1192 2459 mortem
1200 2425 1236 2460 se·

145 2480 205 2538 Quis
215 2478 298 2525 autem
310 2475 426 2524 moralius
440 2474 576 2522 secundum
594 2476 675 2523 bomi-
699 2476 807 2522 cundum
818 2476 942 2523 bominem
953 2476 1096 2536 obediens,
1108 2492 1157 2537 nos
1168 2481 1234 2529 rede·

135 2534 203 2593 ¹nem
218 2545 313 2604 singula
323 2543 480 2602 persecutns,
492 2556 566 2601 quam
576 2546 674 2590 sanctus
699 2543 763 2589 mit:
779 2544 804 2590 et
817 2544 887 2605 illum
904 2543 1082 2591 rationabilem
1102 2546 1235 2607 Spiritum,

145 2614 286 2668 Matthaeus,
300 2612 348 2668 ,qni
369 2611 448 2655 edidit
465 2611 535 2656 nobis
549 2614 672 2668 praecepta
699 2611 879 2668 quitationem
900 2612 1010 2658 colendae
1035 2613 1191 2676 divinitatis,
1210 2620 1235 2664 st

145 2679 247 2725 vivendi
258 2676 268 2722 t
279 2677 343 2731 Quid
358 2676 526 2722 rationabilius
537 2678 579 2725 illo
594 2678 673 2722 admi-⁴
698 2678 756 2724 vitae
771 2680 899 2737 regenda,
911 2681 1029 2726 humanis
1040 2684 1188 2741 pectoribus
1197 2687 1232 2732 in-

145 2745 218 2792 rabili
242 2743 372 2813 copulato,
395 2754 467 2802 quam
489 2743 554 2800 quod
575 2745 673 2792 sanctus
698 2745 825 2793 fudit.Nec
833 2748 961 2806 quisquam
969 2750 1046 2806 putet
1054 2762 1101 2797 nos
1110 2754 1233 2811 potestatis
1252 2790 1255 2797 .

145 2815 240 2860 lilaruus
261 2812 288 2857 in
303 2811 425 2871 principio
441 2810 523 2857 statim
543 2812 672 2859 locandum
698 2815 739 2859 aut
757 2815 857 2865 uirtutis
877 2815 965 2861 fecisse
989 2817 1160 2879 distantiam,
1180 2833 1230 2867 cum

144 2879 255 2946 putarit?
269 2883 341 2937 Ecce,
360 2880 456 2938 inquit,
474 2883 541 2926 ntitio
557 2883 671 2941 Asperum
698 2881 749 2928 lraec
766 2884 889 2929 calumnia
905 2884 978 2928 etiam
988 2885 1098 2932 Paulum
1110 2889 1187 2946 possit
1196 2890 1230 2935 in·

61 2952 63 2955 ’
144 2965 221 3000 cneum
231 2965 239 2996 :
251 2950 287 3003 et,
297 2950 351 2996 Vox
361 2949 483 2994 clamantis
497 2950 521 2993 in
532 2950 671 3007 deserto,·ut
696 2960 801 2995 cessere.
819 2952 902 3008 Neque
921 2952 986 2996 enim
1008 2953 1159 3002 distantiam
1176 2956 1229 3005 fecit

145 3022 170 3068 ot
181 3018 368 3066 admirationem
388 3017 514 3073 moveret,
531 3016 556 3061 et
573 3016 671 3063 doceret
697 3014 755 3072 illo,
775 3030 830 3063 eum
849 3018 931 3064 dixit:
945 3021 1079 3069 Dirisiunes
1100 3027 1228 3082 pruliurnsr

143 3085 269 3134 hominem
283 3081 423 3128 bumilitate
439 3082 511 3140 atque
523 3083 669 3129 abstinentia
695 3088 761 3141 surii,
772 3088 832 3133 ide-m
848 3091 926 3134 autern
936 3090 1040 3147 Spiritus
1051 3106 1060 3136 .·
1073 3095 1096 3137 et
1112 3095 1231 3141 dirisionea

143 3149 562 3210 etsrdeplaceredebere,sicutille
573 3153 670 3197 sanctus
695 3156 876 3202 ministeriorum
892 3159 958 3212 snat,
972 3158 1035 3202 idem
1051 3162 1135 3207 antem
1151 3165 1227 3209 Domi-

142 3224 264 3285 iohannes
279 3219 386 3279 Baptista
400 3220 438 3265 his
454 3218 670 3266 ad'immortalita-
694 3234 738 3268 neus
757 3237 765 3268 :
786 3226 808 3269 et
829 3225 948 3271 divisiones
965 3229 1137 3283 operationum
1163 3235 1226 3288 snut,

142 3287 194 3337 tem
211 3288 327 3348 gradibus
345 3286 485 3346 adscendit,
503 3286 668 3346 vestimento,
694 3290 753 3335 idern
764 3293 842 3336 antean
852 3295 928 3349 Deus,
940 3295 1226 3352 qnioperutnromniuin

142 3357 212 3415 cibo,
223 3352 326 3401 nuntio!
694 3359 809 3406 omnibns.
821 3359 940 3417 Operatur
955 3363 1024 3407 eninr
1041 3365 1147 3424 omnia,
1164 3366 1189 3411 et
1202 3367 1225 3411 in

172 3424 196 3468 b.
207 3423 237 3468 at
247 3433 305 3467 vero
314 3423 410 3468 sanctus
420 3423 496 3468 Lucas
504 3423 574 3469 volut
584 3435 669 3481 quem·
694 3427 805 3474 omnibus
816 3428 904 3486 Filius,
917 3430 981 3476 sicut
992 3430 1072 3477 habos
1083 3433 1163 3494 alibi,
1174 3434 1225 3493 qula

142 3492 197 3538 darn
221 3488 364 3535 historicum
387 3489 499 3535 ordinem
520 3490 619 3548 tenuit,
642 3492 667 3539 ct
694 3495 787 3551 Omnia,
799 3499 821 3542 et
829 3498 853 3541 in
864 3497 970 3553 omnibus
978 3498 1097 3547 Christus.
1108 3501 1226 3560 Operatur

142 3560 212 3618 plura
222 3555 292 3602 nobis
302 3557 426 3614 gestorum
436 3556 535 3603 Domini
549 3556 667 3604 miracula
693 3564 718 3611 et
730 3563 834 3623 Spiritus
847 3568 956 3624 sanctus,
967 3568 1027 3625 quia
1039 3569 1132 3616 omina
1145 3584 1225 3629 opera·

141 3624 274 3680 revelarit3
285 3623 319 3668 ita
328 3624 444 3671 tamenut
451 3624 529 3670 omnis
539 3625 666 3683 sapientiae
692 3635 731 3678 tur
749 3646 809 3680 unns
824 3636 893 3692 utque
912 3635 970 3679 idern
988 3636 1108 3694 Spiritus,
1127 3639 1225 3685 dividens

140 3692 245 3742 virtutos
252 3690 377 3748 Evangelii
387 3691 456 3737 istius
462 3692 666 3750 complecteretur
690 3700 786 3758 sanquis
794 3703 863 3758 prout
876 3701 933 3747 vnn.
945 3701 1017 3746 Nulla
1030 3715 1089 3761 ergo
1101 3705 1223 3762 operatio.

141 3760 250 3810 historia.
269 3759 333 3815 Quid
350 3758 417 3805 enim
435 3762 615 3818 praecellentius
634 3760 665 3807 ad
690 3778 749 3812 num
766 3766 893 3823 distantia,
904 3768 972 3813 nulla
984 3767 1104 3816 discretio
1118 3773 1172 3830 est,
1182 3772 1223 3818 ubi

140 3829 285 3890 sapientiam
295 3827 443 3886 naturalem,
455 3842 526 3888 quarn
537 3831 664 3890 quodSpi-
690 3836 729 3880 vul
738 3834 763 3879 in
774 3834 857 3893 Patre,
866 3836 906 3881 rel
918 3836 944 3880 in
953 3835 1028 3892 Filio,
1038 3838 1080 3882 vel
1093 3838 1121 3884 in
1130 3839 1222 3897 Spiritu

140 3902 214 3948 'ritum
225 3898 335 3945 mactum
349 3896 482 3943 creatorem
493 3898 566 3943 etiam
580 3899 664 3945 Domi·
689 3903 785 3960 sancto,
796 3903 858 3948 nulli
867 3903 1114 3962 seeundaplcnitudu
1123 3907 1222 3954 virtutis

140 3969 200 4015 nicae
208 3966 382 4034 incarnationis
392 3965 514 4014 exstitisse
527 3967 663 4016 reseravit?
689 3971 734 4017 esi.

140 4035 218 4082 Docet
229 4047 285 4094 orgo
294 4034 428 4094 naturalia,
439 4034 460 4082 si
476 4035 542 4082 creat
553 4035 661 4095 spiritus.
718 4038 740 4084 6.
753 4040 809 4085 llaec
824 4039 899 4097 igitur
910 4051 964 4086 curn
976 4039 1100 4100 legimus,
1113 4043 1222 4103 diligen-
