2752 4784
212 417 275 471 M·
601 420 725 469 sancit
738 419 901 467 nuanosll

212 502 311 555 Domini
337 503 393 565 toro
419 502 519 553 dicebat
540 513 548 550 a
568 504 686 552 inclinavi
701 517 744 551 cor
768 492 894 562 omnibus,
912 500 938 549 ot
954 498 1073 560 supponit
1099 493 1229 552 umrersis
1250 501 1300 565 ipso

211 587 291 624 mcum
301 574 457 634 adiuuandae
464 573 629 632 iunittaatuos
640 574 665 619 ia
674 575 744 619 oetcr·
767 572 821 630 iure
832 575 935 622 miore.
949 573 979 622 ut
997 575 1055 624 idea
1072 583 1124 619 uon
1137 571 1178 619 ast
1194 573 1300 621 otiosum

211 655 280 701 m,
288 645 380 704 propter
389 641 573 690 rctrtoutioaem.
582 639 743 698 aritretribu·
767 640 832 700 quod
843 641 982 689 admoneris
995 643 1024 689 ut
1037 640 1140 699 audiant
1148 652 1211 688 oum
1229 641 1299 689 marr

211 709 306 758 tionem
317 710 437 757 bonoram
452 720 555 769 operm
565 706 647 768 sperat
654 719 669 753 a
677 708 741 765 Deo,
768 708 849 766 inviti,
860 709 886 756 et
899 709 965 756 alind
975 708 1092 769 agentes,
1099 720 1190 756 sonum
1201 709 1298 768 tamen,

213 780 241 828 at
251 779 281 825 ad
292 791 349 826 eom
360 779 476 836 teutoni,
488 778 592 825 inclinat
602 788 644 824 car
654 788 741 834 mum,
767 778 810 823 aut
823 789 909 824 vocem
920 777 1006 824 audire
1022 778 1156 824 soleamus.
1174 777 1226 826 Sed
1243 777 1299 836 quia

212 846 415 895 attactatunlsti
421 846 538 904 justitias.
545 846 604 904 Qua
611 843 741 891 emundati
767 856 816 890 non
826 845 864 892 eat
873 845 952 892 sotum
962 844 1049 892 audire
1057 845 1106 892 hoc
1114 845 1182 905 qnod
1192 845 1300 906 suppetit

211 913 556 974 iustitiatsinenos,tuquit‚
572 913 676 972 implere
688 923 742 958 om·
767 911 847 960 alticio
862 912 956 959 naturae
972 924 980 958 r
997 912 1042 960 aed
1054 912 1134 959 attan
1154 912 1221 960 illud
1238 912 1299 972 quod

211 985 408 1044 nemiustitiam,
418 984 601 1044 quapeocatum
611 981 741 1041 minuitur,
766 982 845 1042 majus
856 982 907 1042 est,
924 982 954 1029 ot
970 981 1057 1029 audias
1071 992 1125 1030 non
1140 993 1191 1028 nau
1206 983 1299 1029 uotum

212 1053 440 1113 oulpalaratur..lit
451 1051 514 1100 bene
524 1052 568 1110 ait,
576 1052 742 1110 ludinacam
767 1052 889 1110 corporis,
907 1052 1025 1111 quantum
1044 1051 1179 1098 intellectu
1197 1051 1298 1109 menon
1326 1111 1327 1114 Ἴ

212 1133 262 1170 non
273 1123 305 1169 sit
314 1123 361 1170 tihi
369 1123 472 1170 arduum
482 1123 555 1182 atquo
564 1120 674 1179 difficile,
685 1133 741 1167 cam
766 1120 822 1166 ideo
831 1120 973 1180 diligentius
984 1117 1114 1166 considera
1125 1117 1201 1174 istius
1210 1119 1297 1167 nitore

212 1193 322 1240 mentem
330 1195 398 1241 tuam
407 1190 741 1253 quasindhumilioetplana
766 1188 1013 1248 interpretationem,
1027 1187 1298 1248 seriamqnerersuuro

213 1263 350 1308 mouentes.
360 1261 408 1308 lut
416 1260 613 1320 certe,qnoniam
621 1260 742 1317 sapientia
766 1255 808 1314 qui
818 1257 964 1316 sequuntur.

213 1330 294 1377 carnia
305 1331 354 1390 legi
365 1330 412 1376 Dei
419 1341 468 1376 non
477 1330 515 1376 cet
525 1327 633 1386 subdita,
643 1327 742 1374 videtur
797 1321 822 1370 2.
834 1325 865 1371 lit
878 1324 977 1372 noveris
993 1322 1078 1370 autem
1093 1323 1232 1385 mysticum
1248 1333 1298 1370 eaeo

212 1396 332 1446 inclinare
343 1412 384 1446 cor
401 1411 487 1456 suurn,
499 1398 543 1458 qui
558 1395 607 1456 tegi
620 1395 678 1443 tacit
689 1407 742 1442 esso
768 1392 861 1451 audire,
869 1393 899 1440 ut
904 1393 991 1441 audias
998 1393 1024 1441 et
1034 1390 1164 1451 inteiligas
1173 1391 1297 1450 mysteria,

212 1467 556 1524 subjectnmextouentemse
567 1463 744 1523 corporissen
767 1461 900 1509 dotudaeis
912 1460 1297 1522 innumerositatem
1326 1516 1328 1535 Λ

212 1546 284 1595 sum,
303 1535 463 1595 contuituque
482 1533 610 1593 roligionis
627 1533 741 1580 inflectit.
767 1531 826 1588 quia
837 1531 1025 1590 mysterialem
1035 1529 1188 1587 audierant,
1199 1528 1297 1576 sednon

212 1602 291 1661 Atque
303 1603 347 1649 rlle
363 1603 457 1648 dudum
469 1603 590 1649 extollens
605 1600 742 1658 seirustra,
768 1598 1230 1647 intellexeruutUndoaitDomlaaaa
1240 1597 1299 1646 Aeli

213 1669 241 1716 ot
256 1669 355 1716 inflatus
366 1670 448 1716 monte
463 1668 545 1715 carnis
560 1680 627 1727 suaa,
641 1680 698 1714 cum
715 1679 743 1715 ae
765 1654 1078 1728 poputasmeamtioqaar.
1089 1669 1145 1714 Lex
1154 1664 1299 1727 utiquespi-

212 1734 341 1795 humiliat,
355 1735 468 1784 inclinat.
767 1736 911 1798 ritaliaest,
921 1738 978 1784 audi
991 1737 1218 1796 orgoeplritah'ter.
1229 1735 1299 1782 Deni-

241 1803 282 1853 aa,
293 1804 440 1852 llumiliarit
449 1803 516 1852 enim
528 1803 615 1864 etipse
626 1816 653 1851 aa
661 1803 744 1851 Chris·
768 1818 817 1864 que
825 1807 868 1866 qni
879 1807 952 1854 seivit
963 1806 1065 1864 audire,
1074 1806 1241 1856 attaAnatssi
1249 1805 1299 1865 qaid

212 1873 306 1933 tus3ut
320 1885 412 1922 norum
423 1873 540 1922 conderet
550 1873 742 1920 Testamentum.
768 1877 914 1936 loquatarin
925 1890 962 1924 mc
973 1877 1088 1924 Doaoiaae
1106 1879 1188 1934 Deae,
1206 1874 1234 1921 il
1248 1874 1296 1931 eat,

212 1944 274 1990 (tum
290 1943 346 2002 logo
369 1942 547 2003 Evangelium,
565 1942 638 1990 audio
653 1941 744 1988 Filium
768 1955 911 2003 cognoscam
929 1942 989 2005 quid
1005 1945 1102 1992 locante
1118 1944 1149 1990 in
1169 1956 1210 1991 me
1227 1942 1297 1990 inerit

213 2011 261 2060 Dei
271 2024 371 2061 earnem
381 2013 494 2060 sumsisse
509 2012 540 2058 de
556 2011 646 2070 diaria,
657 2010 745 2058 uideor
768 2012 843 2059 Deus.
859 2013 966 2073 ldeoque
977 2013 1038 2059 alibi
1057 2013 1111 2060 aits
1124 2015 1220 2074 Qasuata
1234 2013 1300 2060 aaa

212 2080 744 2140 mihicumchristoipsodeseendere.Lego
769 2079 1127 2143 commutationumque
1137 2080 1299 2141 eomprehen-

214 2151 359 2210 enimcum,
370 2151 412 2211 qui
424 2164 481 2198 cum
493 2151 518 2201 in
531 2150 608 2198 torma
615 2151 662 2196 Dei
670 2149 744 2208 esset,
769 2149 840 2196 deret
857 2162 907 2197 non
918 2151 997 2197 solum
1010 2150 1109 2197 audisso
1120 2163 1164 2211 se,
1174 2150 1219 2198 sed
1230 2150 1299 2196 etium

214 2221 376 2281 semetipsum
389 2220 535 2268 exinanivit.
544 2219 689 2267 Exinanivit
702 2230 745 2266 au·
769 2215 932 2265 intellexisse.
944 2220 1019 2265 Nemo
1028 2217 1096 2264 euim
1104 2216 1298 2277 cognoscit,nisi

213 2288 285 2347 tem,
301 2291 330 2336 ut
345 2289 449 2336 formam
464 2289 530 2336 servi
552 2287 678 2347 acciperet
695 2299 702 2331 ε
719 2287 744 2333 et
769 2287 837 2344 prius
849 2286 1012 2334 intellexerit.
1023 2287 1087 2333 nudi
1097 2299 1176 2346 orgo,
1191 2299 1225 2334 no
1235 2286 1256 2333 ai
1273 2286 1297 2332 ta

214 2358 298 2417 specie
308 2358 424 2406 inventus
434 2357 463 2404 ut
474 2358 557 2416 homo,
565 2355 708 2403 humiliavit
718 2367 744 2401 se
769 2354 852 2402 videat
860 2357 1040 2415 negligentem,
1051 2356 1139 2403 veniat
1147 2357 1251 2414 Patrius,
1262 2364 1298 2400 ar-

213 2425 743 2486 uaqueadmortemdregoeuimdicentem2
769 2422 843 2482 ripiat
868 2425 991 2483 gladium,
1013 2418 1298 2472 abscindatauriculam

215 2496 744 2556 Veniteadmeomnesquttuboratia,etone·
770 2491 851 2551 tuam3
872 2493 937 2552 quod
958 2493 1084 2552 superfluo
1104 2494 1200 2541 trabeas
1217 2505 1299 2541 aurora

213 2567 264 2611 rati
279 2566 351 2620 catat,
370 2568 392 2611 et
411 2578 452 2623 eqo
466 2565 571 2622 reficiam
593 2577 644 2610 voc.
665 2564 745 2609 Tollite
771 2561 878 2619 corporis
892 2592 899 2618 ,
915 2561 957 2620 qui
969 2561 1054 2608 audire
1066 2562 1299 2609 etexaurinaronou

212 2631 295 2690 {epum
306 2644 383 2677 mcum
399 2645 468 2691 attpcr
483 2645 524 2679 voa
539 2633 560 2677 ct
578 2633 656 2677 discito
674 2645 690 2676 o
709 2643 745 2676 me
769 2630 876 2675 noueris.
886 2630 1020 2676 Etiortasse
1028 2630 1149 2678 virtutem
1157 2631 1247 2678 animae
1254 2641 1298 2690 qua

214 2700 271 2758 quia
287 2700 350 2745 mitis
364 2712 417 2746 anm
425 2731 434 2756 ,
452 2702 474 2745 ot
487 2699 581 2746 tremitis
597 2700 673 2745 cordo.
693 2699 745 2744 Non
770 2699 941 2745 examinantur
966 2711 1129 2759 quecumque
1151 2701 1298 2756 audiuntur,

214 2766 278 2814 dixit
289 2779 297 2811 r
308 2767 400 2814 Discite
412 2779 426 2814 a
436 2780 476 2814 me
492 2767 550 2827 quia
566 2765 653 2825 potens
670 2779 743 2813 sum:
770 2764 878 2815 habeant
888 2769 1106 2828 amputatam,qui
1126 2780 1156 2815 ea
1172 2768 1299 2816 altitudine

214 2847 264 2883 non
274 2834 338 2883 dixit
350 2849 357 2882 t
370 2835 462 2883 Discite
473 2848 488 2882 a
499 2846 539 2882 me
550 2836 608 2895 quia
626 2835 744 2894 gloriosus
770 2846 818 2892 qua
825 2834 943 2894 scriptum
954 2835 1000 2894 est,
1007 2835 1093 2882 audire
1101 2848 1152 2882 non
1160 2835 1270 2894 possunt.

214 2904 744 2964 sum:seddisciteamequialrumilissum,
799 2903 824 2949 ὃ.
846 2904 980 2963 Meritoque
1002 2905 1066 2951 hanc
1085 2905 1199 2951 litteram
1217 2905 1298 2963 trasa-

217 2974 282 3035 quod
293 2975 395 3035 potestis
409 2976 511 3024 imitari.
523 2974 603 3022 Nolite
625 2976 744 3022 extollere
770 2974 872 3018 mmmm
891 2972 934 3019 alii
953 2973 1114 3031 interpretati
1133 2974 1194 3021 sarit
1211 2985 1219 3019 a
1238 2972 1299 3032 quod

215 3056 273 3104 uos,
285 3045 363 3091 nolito
380 3045 490 3093 exultare
505 3056 548 3091 cor
561 3043 681 3090 vestrum.
697 3045 746 3090 Do-
770 3052 826 3086 cum
843 3041 968 3100 superiore
979 3041 1186 3100 interpretatione
1202 3053 1299 3089 concur-

215 3113 268 3161 ouit
275 3126 332 3172 ergo
342 3126 382 3161 mo
394 3113 530 3171 humiliari,
539 3113 564 3160 et
575 3113 694 3160 inclinare
705 3126 746 3160 cor
770 3109 871 3168 rit3niei
878 3111 944 3156 enim
951 3109 1122 3169 unusquisque
1128 3110 1237 3158 audierit
1244 3109 1300 3168 quid

214 3192 299 3228 meum
318 3182 347 3228 ad
367 3181 491 3228 iaciendas
507 3180 631 3240 iustitias3
647 3193 696 3227 non
716 3181 746 3227 ad
770 3178 840 3237 sequi
851 3178 1037 3238 debeat‚nemo
1048 3179 1169 3227 firmatur.
1181 3182 1211 3226 ln
1223 3178 1300 3226 otticio

215 3247 392 3308 iniquitatem,
409 3248 453 3296 sed
468 3248 500 3295 ad
516 3248 658 3308 aequitatem
673 3248 746 3295 ineli—
771 3247 845 3305 igitur
860 3248 977 3296 audiendi
993 3248 1103 3294 omnium
1118 3248 1300 3296 firmamentum

214 3329 288 3375 nare,
302 3321 394 3378 propter
408 3319 594 3366 retribationem.
607 3319 746 3366 Retribntio
772 3319 818 3364 est.

214 3395 320 3444 regnum
331 3386 466 3444 eoelorum,
478 3385 505 3432 et
513 3385 620 3445 paradisi
629 3386 685 3439 est
678 3398 747 3433 mco-
800 3383 824 3431 ll.
837 3385 903 3432 Dicit
913 3384 989 3444 igitur
999 3385 1047 3432 tibi
1057 3385 1201 3434 ini'lrrenis
1215 3383 1300 3432 Hiere-

217 3449 291 3499 latua.
771 3453 831 3500 mias
841 3456 962 3513 propheta
973 3467 1018 3514 per
1028 3455 1148 3514 litteram,
1156 3456 1224 3502 accdi.
1234 3454 1263 3500 nt
1275 3453 1301 3500 ut

434 3515 520 3530 “““”
770 3523 1301 3583 sciasmystieumessequodaudiredebeaa,

227 3591 355 3647 SERMO
372 3538 733 3661 DECIMUSQUINTUS.
771 3591 1122 3651 subjeoithujusmodiseriem
1130 3593 1299 3640 huiclitterae·

165 3694 167 3699 >
410 3703 433 3742 D
452 3703 549 3743 simoen
772 3661 872 3709 Abctatit
886 3675 964 3709 omncs
983 3662 1053 3721 tortos
1068 3675 1132 3710 mooe
1145 3665 1262 3710 Dominae
1275 3660 1302 3706 de

771 3732 844 3777 medio
855 3733 908 3778 mei.
919 3733 1035 3779 Vocoeit'
1025 3744 1051 3779 aa
1060 3744 1097 3777 me
1108 3733 1211 3791 temptam
1217 3733 1302 3778 ateoa·

246 3794 271 3842 i.
297 3792 396 3841 literam
417 3792 510 3840 casuacio
532 3792 615 3842 littera
639 3793 746 3843 decima·
772 3801 877 3846 terorot'
867 3813 893 3846 ue
908 3813 944 3846 aaa
959 3800 1040 3846 eacan
1056 3812 1129 3846 meos.
1146 3801 1238 3847 Locum
1254 3798 1303 3844 cut·

216 3862 320 3923 quinta,
337 3873 393 3921 quea
412 3860 640 3920 interpretationem
657 3865 745 3923 habet,
771 3869 831 3915 eavit
851 3869 966 3916 Dominae
981 3869 1068 3927 oirqini
1084 3868 1139 3925 filiae
1158 3870 1235 3916 tuda.
1250 3867 1301 3913 Non

216 3932 287 3980 Audi.
296 3933 338 3980 list
346 3932 371 3979 et
380 3930 428 3978 alia
437 3931 490 3988 eius
501 3929 681 3991 interpretatio,
692 3946 746 3992 quae
772 3935 830 3982 tune
846 3935 947 3982 abstulit
958 3947 1043 3982 omnes
1059 3935 1153 3982 ladaeae
1164 3934 1301 3982 iortoaDo-

216 4001 315 4060 dicitur,
327 4003 523 4050 Firmamentum.
536 4000 601 4059 Quid
610 4003 660 4061 est,
668 4003 746 4051 Audi?
772 4003 1164 4064 minus‚quandoiuBabyloniam
1175 4003 1300 4064 mfionom

215 4068 268 4117 tlon
284 4070 361 4122 otiose
377 4071 470 4120 dicitur
485 4069 551 4132 quod
566 4080 695 4121 commune
709 4073 746 4122 est
773 4071 1023 4134 captivusduotusest
1033 4072 1301 4133 populustadaoorurns
