2760 4794
141 414 188 462 eit
533 411 658 458 sideni
671 408 837 457 AMBROSU

142 493 337 556 nixqmedivint
346 490 670 555 splendoreiulqetetoqnii.
694 490 759 540 sicut
779 491 835 540 uter
853 488 879 540 io
905 487 1040 552 gelicidio,
1061 486 1235 552 spondeam

143 565 191 613 Nix
202 566 254 612 baec
264 562 460 623 refrigeratmon
470 560 553 610 adurit
564 560 672 609 :iteum-
694 561 790 622 peccati
800 573 849 608 non
856 560 977 610 sentiens.

144 635 186 684 dat
197 635 262 694 eata,
272 645 321 682 non
332 632 477 680 internecat.
486 631 535 679 Nix
545 630 599 680 bec
609 643 672 689 prm-
726 633 764 680 aa.
776 631 807 678 nt
820 632 884 679 bene
893 629 1024 692 peccatum
1034 627 1163 691 geltetdIo
1173 641 1236 679 cun·

145 703 226 764 ceptio
246 701 407 751 continentie
423 702 475 761 eet,
492 713 548 761 quae
566 700 672 747 calorem
695 702 803 761 paratur.
814 701 883 749 sicut
893 700 959 749 enim
970 699 1130 761 gelicidium
1140 698 1172 748 ad
1181 701 1238 748 nui·

144 771 205 820 tactt
215 783 359 832 corporeum
369 770 475 830 frigere,
485 771 513 818 et
520 781 618 817 omnem
627 779 673 815 na-
696 771 748 818 inm
759 782 830 818 neum
839 770 903 819 utiie
913 769 966 831 est,
984 768 1017 817 ad
1027 769 1138 817 nuliam
1152 780 1236 830 epera-

144 842 207 890 turu
222 840 347 889 interioris
364 839 496 898 restinguit
512 839 632 886 ardorem.
644 837 673 884 nt
696 839 803 898 tionem3
822 838 858 886 sic
876 838 948 898 culpa
965 836 1032 885 uuiti
1050 837 1161 898 prodest
1168 837 1236 899 usui,

144 907 209 959 terte
223 909 279 959 ideo
297 922 353 957 cum
367 906 555 956 resurrectionis
570 905 674 955 suaede·
696 908 758 955 nulii
773 908 928 968 operationi:
941 907 967 955 et
985 905 1046 955 ideo
1066 904 1140 955 si'cad
1155 907 1236 967 getici·

145 978 292 1028 monstraret
314 977 429 1038 gloriam,
450 975 599 1024 vestimenta
620 974 673 1032 ejus
697 977 765 1024 dium
777 975 921 1025 declinanda
929 973 1026 1034 est,ne
1040 974 1237 1024 noceatetadn-

146 1048 217 1097 erant
229 1047 332 1096 candida
347 1046 411 1094 sicut
425 1046 485 1104 nix3
500 1045 585 1092 utnon
595 1044 673 1091 solum
697 1047 744 1094 rat.
752 1047 846 1093 Bonum
858 1056 916 1106 erqo
925 1044 991 1091 mibi
1001 1042 1061 1092 deri
1077 1044 1237 1094 sicututren

145 1118 200 1179 ipse
211 1118 305 1165 alicnus
323 1115 486 1164 estimaretur
500 1125 516 1160 a
530 1112 673 1173 contagione
698 1115 724 1161 in
744 1114 874 1175 gelicidi03
893 1112 922 1161 ut
935 1113 1030 1174 possim
1047 1126 1107 1161 nou
1126 1112 1237 1165 obtirbct

145 1187 258 1249 peccati,
273 1197 361 1235 verum
379 1184 455 1233 etiam
472 1182 623 1244 quicumque
634 1193 674 1228 re-
696 1184 881 1242 jnstiticationes
887 1183 1138 1241 Domint,utearum
1144 1183 1239 1245 liquore

145 1256 294 1315 suscitatur,
309 1253 443 1314 congelatis
457 1250 563 1311 conjugii
580 1249 674 1311 eupidi-
697 1252 810 1312 peritiam
816 1250 1238 1311 reiriqeretomnlsierrorinteraa

146 1324 251 1384 tatibua,
271 1334 398 1382 resurgere
417 1320 521 1380 frigidus
537 1319 673 1367 videretur.
698 1321 848 1381 cupiditatis.
859 1322 911 1369 iton
922 1332 980 1380 erqo
991 1321 1238 1382 uacuum,sedpte·

146 1393 176 1440 tn
191 1392 370 1441 resurrectione
387 1389 454 1438 enim
468 1400 550 1448 neque
563 1387 675 1440 nabunt,
698 1401 757 1436 num
768 1390 834 1437 hunc
845 1391 926 1437 ubem
939 1401 994 1438 esse
1008 1389 1131 1450 oportet,
1143 1391 1239 1450 pienum

147 1473 228 1522 neque
241 1473 332 1509 uxores
346 1458 455 1518 ducunt,
466 1458 509 1505 sed
521 1456 596 1505 erunt
611 1456 676 1504 sicut
699 1457 813 1517 spiritus,
834 1458 939 1517 pienum
958 1457 1196 1518 justificationum
1213 1458 1238 1510 u

146 1530 233 1589 angeli
252 1529 299 1576 Dei
316 1529 343 1576 in
361 1529 433 1576 coeio.
451 1526 513 1574 Boni
532 1538 591 1584 ereo
608 1524 676 1571 utres
699 1526 800 1586 peccata
816 1538 874 1574 mea
889 1524 942 1586 ipse
959 1526 1105 1586 contitear,
1125 1528 1156 1576 ut
1173 1529 1238 1576 luxa·

144 1597 251 1656 intuiti,
272 1597 319 1644 boc
342 1596 404 1654 eet,
429 1595 456 1642 in
481 1593 597 1652 gelicidio
618 1604 677 1640 con·
699 1595 921 1644 riamcarnismeae
933 1595 1124 1656 comprimam3
1137 1598 1239 1646 morien·

148 1664 228 1711 stricti
240 1661 349 1724 pruinis,
364 1672 414 1710 non
423 1660 537 1709 libidinis
546 1660 626 1707 calore
636 1670 677 1707 re·
700 1665 759 1713 dnm
770 1666 808 1712 eet
818 1664 885 1711 enim
896 1664 1002 1722 mundo,
1013 1664 1175 1716 utrinamus
1184 1667 1238 1719 beo.

101 1766 104 1771 -
147 1731 232 1782 soluti.
701 1731 727 1779 Si
742 1732 825 1781 autem
836 1733 947 1781 vivamus
964 1733 1053 1794 carni,
1069 1747 1145 1784 mors
1159 1736 1239 1798 utique

179 1799 219 1848 at.
235 1800 320 1848 Utrem
339 1799 421 1849 autem
439 1809 528 1860 corpus
549 1796 597 1846 hoc
613 1794 676 1856 dici,
701 1803 1083 1864 estcarnisprudentiasrivere
1096 1818 1240 1867 nonpesm-

148 1869 208 1919 iicet
216 1868 611 1930 expluribusloeis‚tarnenetiam
619 1865 677 1914 inde
701 1886 757 1920 nans
767 1872 899 1932 Deo,quia
909 1870 1011 1920 intmtca
1023 1874 1063 1922 est
1075 1874 1239 1924 Deommaiis

149 1939 260 1999 intellige
268 1971 275 1997 ,
283 1939 348 1999 qued
358 1938 434 1986 Adam
443 1940 469 1985 et
478 1939 528 1985 Era
537 1936 582 1984 ubi
592 1935 678 1995 imagi·
701 1941 747 1989 ista
758 1941 893 2002 sapientia,
904 1940 935 1988 ¹et
944 1938 997 1988 vita
1008 1942 1154 1992 montanis.

149 2021 208 2059 nem
224 2008 361 2068 deposuere
383 2004 504 2063 coelestis,
524 2015 598 2064 qnam
620 2004 677 2051 ente
740 2010 778 2057 46.
790 2008 914 2069 'Sequitur
927 2009 1021 2058 versus
1032 2012 1147 2071 quartus
1161 2024 1170 2060 ε
1186 2014 1240 2075 Quat

149 2075 294 2140 portabant,
314 2075 446 2134 imaginem
460 2072 555 2120 terreni
570 2071 678 2119 bominis
700 2082 755 2129 suut
765 2082 812 2128 dies
822 2081 881 2128 aeret
890 2079 1052 2140 tuitQuaudo
1062 2082 1239 2141 (acicamitiie

150 2147 296 2206 induentes,
318 2143 415 2192 tunicae
435 2142 495 2190 dicti
516 2142 573 2189 sunt
593 2140 677 2189 vestiti
701 2146 886 2209 persequemini
902 2160 940 2194 me
949 2147 1089 2206 Judicium?
1108 2149 1195 2199 Potest
1208 2151 1239 2200 eie

147 2228 204 2265 esee
214 2215 346 2277 pelliceas,
362 2212 500 2272 corporales
516 2210 582 2259 enim
593 2220 635 2257 eos
647 2209 677 2256 de
702 2216 781 2276 accipi
797 2229 804 2263 ς
821 2219 881 2277 Quot
896 2218 951 2271 suut
966 2216 1016 2265 dua
1028 2219 1094 2265 scaea·
1110 2219 1162 2278 tui,
1177 2218 1239 2281 qiud

148 2282 304 2344 spiritalibus
310 2281 404 2329 iecerat·
410 2279 480 2338 culpa
486 2277 623 2326 commissa.
629 2277 678 2324 Nec
702 2283 769 2334 dieat
780 2299 787 2332 ς
798 2285 888 2344 Quantl
897 2285 953 2332 sunt
962 2284 1018 2332 dies
1029 2286 1142 2335 humani
1151 2321 1159 2347 ‚
1169 2300 1239 2349 qm.

150 2352 213 2400 titud
222 2349 355 2406 mutilum
365 2347 602 2406 idffltellidefldflm·
613 2345 679 2404 (1110(1
702 2358 755 2402 tum
765 2354 876 2414 tempus,
884 2355 1002 2413 quantum
1014 2356 1239 2415 epatiumicurin·

151 2421 187 2469 ita
195 2434 222 2468 se
230 2421 298 2468 dicat
307 2419 399 2467 iactum
407 2417 487 2465 David
494 2416 644 2464 sicntutrem
653 2415 679 2461 in
702 2421 801 2470 videtur
812 2422 863 2468 tam
875 2420 945 2468 brevi
961 2420 1040 2481 ,ἤδη
1058 2435 1094 2472 ne
1110 2424 1239 2486 tranquillo

151 2489 286 2550 gelicidio:
303 2500 333 2536 eo
348 2486 414 2546 qnod
430 2486 456 2533 tn
473 2484 605 2545 asperitate
621 2483 680 2531 licet
704 2502 776 2539 eursu
789 2491 862 2539 istius
873 2489 957 2538 saeeuii
967 2491 1238 2550 perfruamurecmn

152 2557 246 2618 positus
265 2556 376 2615 glaciali,
397 2554 580 2601 mortificaverit
598 2553 680 2600 tamen
704 2559 774 2606 brevi
786 2559 863 2620 spatio
877 2560 928 2606 tarn
944 2559 1017 2606 multi
1035 2563 1239 2622 persequentium

152 2637 239 2684 corpus
250 2636 334 2682 suum3
345 2635 377 2669 ne
388 2623 491 2669 sentiret
506 2621 602 2679 hyemis
613 2619 680 2665 iltius
703 2640 748 2674 nos
758 2627 839 2686 laquei
855 2626 1005 2674 tenduntur?
1020 2628 1094 2676 Adsit
1111 2630 1163 2687 jam
1178 2632 1239 2690 judi.

152 2691 397 2752 asperitatemque
403 2689 511 2735 Salvator
517 2688 679 2746 dicitqravem
705 2696 784 2754 cium,
795 2695 821 2742 in
834 2708 881 2756 quo
896 2707 969 2755 poena
984 2697 1023 2742 est
1034 2698 1240 2759 perfidorum,in

152 2761 261 2808 iutnram
279 2771 333 2807 esse
352 2757 512 2818 fugientibus.
531 2756 599 2803 Sicut
614 2757 680 2803 enim
704 2765 1240 2826 quoperseeutoribusdignaimpietatissuae

151 2830 256 2891 glaciem
267 2841 317 2876 non
326 2830 401 2876 sentit
409 2827 479 2884 nter,
490 2826 548 2886 quia
561 2826 633 2886 pellis
644 2827 681 2873 est
704 2832 784 2891 pretia
801 2831 946 2878 redduntur.
962 2831 1007 2879 Vel
1026 2833 1063 2879 sic
1081 2846 1088 2879 z
1109 2835 1240 2896 Quousque

152 2890 266 2948 animalis
284 2898 389 2956 mortui3
405 2897 440 2944 ita
453 2897 564 2957 mortuus
580 2897 680 2956 peccato
705 2900 822 2947 insultare
840 2900 974 2959 poterunt,
991 2913 1127 2961 quousque
1149 2906 1242 2965 inquie-

152 2968 274 3029 Propheta
284 2968 361 3027 trigue
371 2967 466 3028 peccati
478 2966 569 3013 sentire
578 2977 627 3012 non
638 2978 681 3025 po·
704 2966 771 3023 tare,
786 2967 828 3026 qni
846 2981 889 3014 nos
905 2968 1008 3015 diversis
1027 2970 1113 3017 modis
1133 2970 1242 3031 quaerunt

153 3040 232 3086 terat:
243 3039 284 3086 vel
296 3037 363 3084 certe
373 3036 439 3096 quod
449 3048 496 3082 non
506 3034 680 3095 iranqaturne·
705 3035 815 3096 affligere
825 3036 835 3083 t
853 3038 905 3083 Non
931 3049 999 3084 serus
1025 3038 1077 3085 erit
1098 3038 1242 3099 terminns;

155 3107 324 3167 cessitatibus,
340 3118 387 3154 nec
403 3105 500 3153 resistat
516 3116 571 3152 earo
583 3104 679 3163 menti3
705 3105 797 3152 etenim
830 3106 899 3166 qnasi
929 3106 1052 3164 Propheta
1085 3109 1244 3158 celeritatem

152 3176 197 3223 sed
209 3176 306 3222 mollior
320 3174 514 3233 ductn,·animae
530 3184 556 3219 se
571 3171 681 3219 inflectat
705 3173 898 3222 transcurrendae
906 3174 1042 3223 istiusvitae
1050 3187 1102 3222 non
1113 3189 1244 3242 annorum,

153 3244 279 3304 imperiis,
291 3243 317 3289 et
326 3243 406 3289 inhoc
417 3242 502 3289 mundi
512 3241 625 3301 gelicidio
632 3253 680 3287 non
704 3243 748 3291 sed
763 3243 860 3290 dierum
875 3242 1036 3292 aestinntione
1053 3244 1195 3304 subducit,
1209 3246 1244 3293 di·

154 3313 263 3359 arescat:
274 3311 315 3359 vei
327 3311 383 3369 quia
393 3322 480 3369 corpus
491 3310 631 3356 afflictionis
642 3323 680 3356 su·
705 3325 763 3359 cens
775 3325 783 3357 r
795 3315 854 3373 Quot
868 3314 980 3360 annidies
993 3314 1055 3360 seret
1070 3315 1108 3360 tui
1114 3313 1128 3359 ἓ
1138 3316 1171 3362 Et
1184 3315 1245 3362 bene

153 3377 370 3437 mus,etmorte1n
380 3379 477 3424 Domini
485 3379 543 3423 Jesu
552 3390 648 3436 semper
655 3378 680 3424 in
706 3380 758 3427 dies
769 3380 848 3439 dixit3
860 3381 888 3426 nt
899 3392 947 3426 nen
958 3380 1037 3426 sotum
1053 3393 1140 3429 moras
1156 3392 1245 3430 animas

153 3445 236 3492 nostro
253 3456 354 3503 corpore
377 3445 535 3492 circumferre
554 3444 679 3491 debemus.
705 3448 849 3506 prophetica
861 3448 958 3495 visione
972 3448 1185 3497 transcurreret:
1201 3463 1243 3499 ve-

62 3524 64 3528 ·
153 3514 200 3560 iiic
212 3512 250 3560 est
259 3514 317 3560 uter
327 3513 370 3573 qui
382 3514 484 3573 castigat
499 3525 587 3573 corpus
596 3525 680 3572 suum,
706 3528 761 3563 rum
773 3517 848 3564 etiam
864 3517 1020 3577 splendidum
1035 3517 1087 3564 sibi
1097 3519 1164 3567 vitae
1176 3520 1246 3579 bajus

154 3594 203 3630 non
214 3581 241 3628 ut
252 3580 295 3629 ille
313 3582 459 3629 incrassatus
470 3584 494 3630 et
508 3584 596 3630 obesus
606 3595 683 3643 popu·
707 3584 857 3630 curriculum
864 3584 983 3632 virtutum
992 3581 1089 3631 lumine
1096 3583 1244 3634 declararet.

154 3652 207 3711 tus,
218 3651 263 3710 qui
273 3651 338 3699 sedit
348 3651 496 3700 manducare
507 3656 532 3700 et
542 3652 646 3712 bibere,
657 3653 683 3701 et
706 3653 840 3713 Meritoque
858 3664 959 3700 securus
974 3652 1009 3699 ait
1027 3665 1034 3698 :
1055 3654 1162 3714 ριιαπαο
1178 3656 1246 3714 {aeica

155 3721 317 3770 surrexerunt
334 3720 428 3767 ludere.
449 3721 495 3768 ilic
511 3722 549 3769 est
566 3722 621 3769 uter
639 3722 682 3782 qni
706 3722 765 3768 initu
788 3723 815 3768 de
835 3720 1023 3782 persequentibus
1043 3734 1084 3768 me
1105 3719 1246 3780 judicium?

155 3789 263 3838 inebriat
272 3801 322 3836 non
338 3788 410 3848 vino,
427 3789 470 3837 sed
481 3790 570 3849 spiritu
580 3804 587 3836 s
599 3791 625 3837 in
634 3803 683 3851 qno
707 3789 783 3850 tlibi,
793 3789 888 3850 inquit,
903 3789 1025 3847 indicium
1040 3787 1073 3836 de
1087 3802 1246 3850 persequen-

155 3870 205 3906 non
211 3857 298 3918 botryo
305 3857 484 3916 amaritudinis,
489 3870 539 3905 nnn
550 3859 683 3907 draconum
708 3859 775 3905 tibus
785 3857 875 3917 iacies,
885 3871 935 3905 non
945 3859 975 3907 de
986 3870 1025 3904 me
1033 3859 1246 3917 persequentibus

154 3926 237 3985 turer,
248 3938 297 3973 non
307 3926 374 3975 turer
382 3926 507 3987 aspidum,
516 3927 559 3975 sed
569 3929 683 3987 pocutnm
706 3926 828 3985 judicium
836 3925 918 3982 dabis3
926 3925 1041 3986 quoniam
1052 3938 1103 3972 non
1111 3926 1246 3988 resurgunt

156 3994 281 4041 inebrians
295 4009 367 4055 (ptam
383 3995 526 4056 praectarum
537 3994 587 4043 esti
598 3997 626 4042 in
637 3996 683 4043 boc
708 3995 779 4055 impii
795 3996 822 4043 in
834 3995 936 4053 judicio.
948 3994 996 4042 Sed
1010 3994 1089 4053 milii,
1101 3995 1201 4054 inquit,
1216 3995 1246 4041 da

156 4073 214 4122 ergo
233 4063 349 4125 gloriatur
367 4063 458 4126 baud,
478 4063 538 4127 quia
555 4062 634 4112 iaetus
648 4064 684 4112 est
707 4063 840 4123 judiciuin3
851 4064 880 4111 ut
895 4074 951 4111 cunr
966 4072 1111 4111 remuneras
1124 4063 1247 4115 iunocen-
