<?xml version="1.0" encoding="UTF-8"?>
<!DOCTYPE html PUBLIC "-//W3C//DTD XHTML 1.0 Transitional//EN"
    "http://www.w3.org/TR/xhtml1/DTD/xhtml1-transitional.dtd">
<html xmlns="http://www.w3.org/1999/xhtml" xml:lang="en" lang="en">
 <head>
  <title>
</title>
<meta http-equiv="Content-Type" content="text/html;charset=utf-8" />
  <meta name='ocr-system' content='tesseract 3.04.00' />
  <meta name='ocr-capabilities' content='ocr_page ocr_carea ocr_par ocr_line ocrx_word'/>
</head>
<body>
  <div class='ocr_page' id='page_1' title='image "./operaomnia00ambrgoog_0404.png"; bbox 0 0 2752 4784; ppageno 0'>
   <div class='ocr_carea' id='block_1_1' title="bbox 323 317 1282 382">
    <p class='ocr_par' dir='ltr' id='par_1_1' title="bbox 323 317 1282 382">
     <span class='ocr_line' id='line_1_1' title="bbox 323 317 1282 382; baseline -0.008 0"><span class='ocrx_word' id='word_1_1' title='bbox 323 379 325 382; x_wconf 11' lang='grc' dir='ltr'><em>Α</em></span> <span class='ocrx_word' id='word_1_2' title='bbox 413 337 448 380; x_wconf 85' lang='lat' dir='ltr'><strong>ru</strong></span> <span class='ocrx_word' id='word_1_3' title='bbox 462 335 622 382; x_wconf 73' lang='lat' dir='ltr'><strong>rensuum</strong></span> <span class='ocrx_word' id='word_1_4' title='bbox 636 331 746 379; x_wconf 83' lang='lat' dir='ltr'><strong>cxvrrr</strong></span> <span class='ocrx_word' id='word_1_5' title='bbox 760 332 955 377; x_wconf 83' lang='lat' dir='ltr'><strong>exrosrrro.</strong></span> <span class='ocrx_word' id='word_1_6' title='bbox 1184 325 1232 375; x_wconf 77' lang='lat' dir='ltr'><strong>era</strong></span> <span class='ocrx_word' id='word_1_7' title='bbox 1279 317 1282 326; x_wconf 88' lang='lat'>&#39;</span> 
     </span>
    </p>
   </div>
   <div class='ocr_carea' id='block_1_2' title="bbox 141 408 1231 1502">
    <p class='ocr_par' dir='ltr' id='par_1_2' title="bbox 141 408 1231 1502">
     <span class='ocr_line' id='line_1_2' title="bbox 144 408 1230 478; baseline -0.006 -12"><span class='ocrx_word' id='word_1_8' title='bbox 144 408 278 476; x_wconf 75' lang='lat' dir='ltr'><strong>Dominus,</strong></span> <span class='ocrx_word' id='word_1_9' title='bbox 302 415 428 465; x_wconf 76' lang='lat' dir='ltr'><strong>affectasse</strong></span> <span class='ocrx_word' id='word_1_10' title='bbox 452 417 553 465; x_wconf 86' lang='lat' dir='ltr'><strong>Domini</strong></span> <span class='ocrx_word' id='word_1_11' title='bbox 564 417 674 478; x_wconf 70' lang='lat' dir='ltr'><strong>⁴gloriam</strong></span> <span class='ocrx_word' id='word_1_12' title='bbox 694 416 779 474; x_wconf 78' lang='lat' dir='ltr'><strong>justos.</strong></span> <span class='ocrx_word' id='word_1_13' title='bbox 789 415 873 474; x_wconf 86' lang='lat' dir='ltr'><strong>ltaque</strong></span> <span class='ocrx_word' id='word_1_14' title='bbox 884 414 988 461; x_wconf 84' lang='lat' dir='ltr'><strong>Domino</strong></span> <span class='ocrx_word' id='word_1_15' title='bbox 999 409 1230 472; x_wconf 82' lang='lat' dir='ltr'><strong>lesqurlsto‚qui</strong></span> 
     </span>
     <span class='ocr_line' id='line_1_3' title="bbox 143 480 1231 546; baseline -0.007 -12"><span class='ocrx_word' id='word_1_16' title='bbox 143 486 280 535; x_wconf 79' lang='lat' dir='ltr'><strong>rideretur.</strong></span> <span class='ocrx_word' id='word_1_17' title='bbox 295 485 360 531; x_wconf 85' lang='lat' dir='ltr'><strong>crux</strong></span> <span class='ocrx_word' id='word_1_18' title='bbox 371 497 428 546; x_wconf 80' lang='lat' dir='ltr'><strong>erqo</strong></span> <span class='ocrx_word' id='word_1_19' title='bbox 446 486 604 546; x_wconf 88' lang='lat' dir='ltr'><strong>opprobrium</strong></span> <span class='ocrx_word' id='word_1_20' title='bbox 617 497 675 544; x_wconf 89' lang='lat' dir='ltr'><strong>pcr—</strong></span> <span class='ocrx_word' id='word_1_21' title='bbox 699 484 736 530; x_wconf 88' lang='lat' dir='ltr'><strong>est</strong></span> <span class='ocrx_word' id='word_1_22' title='bbox 746 483 786 532; x_wconf 86' lang='lat' dir='ltr'><strong>via</strong></span> <span class='ocrx_word' id='word_1_23' title='bbox 798 484 823 530; x_wconf 88' lang='lat' dir='ltr'><strong>et</strong></span> <span class='ocrx_word' id='word_1_24' title='bbox 834 482 939 541; x_wconf 86' lang='lat' dir='ltr'><strong>veritas,</strong></span> <span class='ocrx_word' id='word_1_25' title='bbox 950 481 1015 528; x_wconf 90' lang='lat' dir='ltr'><strong>bene</strong></span> <span class='ocrx_word' id='word_1_26' title='bbox 1030 481 1078 528; x_wconf 90' lang='lat' dir='ltr'><strong>boo</strong></span> <span class='ocrx_word' id='word_1_27' title='bbox 1095 480 1187 527; x_wconf 89' lang='lat' dir='ltr'><strong>dicitur</strong></span> <span class='ocrx_word' id='word_1_28' title='bbox 1199 481 1231 527; x_wconf 89' lang='lat' dir='ltr'><strong>ab</strong></span> 
     </span>
     <span class='ocr_line' id='line_1_4' title="bbox 144 548 1229 614; baseline -0.006 -13"><span class='ocrx_word' id='word_1_29' title='bbox 144 554 192 601; x_wconf 87' lang='lat' dir='ltr'><strong>ilde</strong></span> <span class='ocrx_word' id='word_1_30' title='bbox 205 568 211 601; x_wconf 74' lang='grc' dir='ltr'><strong><em>ε</em></strong></span> <span class='ocrx_word' id='word_1_31' title='bbox 223 554 292 602; x_wconf 80' lang='lat' dir='ltr'><strong>fideli</strong></span> <span class='ocrx_word' id='word_1_32' title='bbox 303 554 386 601; x_wconf 88' lang='lat' dir='ltr'><strong>autem</strong></span> <span class='ocrx_word' id='word_1_33' title='bbox 397 555 488 614; x_wconf 78' lang='lat' dir='ltr'><strong>gratia,</strong></span> <span class='ocrx_word' id='word_1_34' title='bbox 499 555 567 601; x_wconf 89' lang='lat' dir='ltr'><strong>lideli</strong></span> <span class='ocrx_word' id='word_1_35' title='bbox 578 554 675 601; x_wconf 89' lang='lat' dir='ltr'><strong>redem—</strong></span> <span class='ocrx_word' id='word_1_36' title='bbox 699 551 729 598; x_wconf 89' lang='lat' dir='ltr'><strong>iis</strong></span> <span class='ocrx_word' id='word_1_37' title='bbox 740 551 783 611; x_wconf 93' lang='lat' dir='ltr'><strong>qui</strong></span> <span class='ocrx_word' id='word_1_38' title='bbox 791 551 860 597; x_wconf 89' lang='lat' dir='ltr'><strong>illam</strong></span> <span class='ocrx_word' id='word_1_39' title='bbox 870 563 955 599; x_wconf 82' lang='lat' dir='ltr'><strong>veram</strong></span> <span class='ocrx_word' id='word_1_40' title='bbox 962 549 1028 599; x_wconf 84' lang='lat' dir='ltr'><strong>uiam</strong></span> <span class='ocrx_word' id='word_1_41' title='bbox 1038 549 1101 608; x_wconf 82' lang='lat' dir='ltr'><strong>fide,</strong></span> <span class='ocrx_word' id='word_1_42' title='bbox 1111 548 1229 606; x_wconf 90' lang='lat' dir='ltr'><strong>moribus,</strong></span> 
     </span>
     <span class='ocr_line' id='line_1_5' title="bbox 144 618 1231 683; baseline -0.006 -12"><span class='ocrx_word' id='word_1_43' title='bbox 144 623 197 682; x_wconf 88' lang='lat' dir='ltr'><strong>tio,</strong></span> <span class='ocrx_word' id='word_1_44' title='bbox 220 622 288 670; x_wconf 89' lang='lat' dir='ltr'><strong>tideli</strong></span> <span class='ocrx_word' id='word_1_45' title='bbox 305 622 452 671; x_wconf 82' lang='lat' dir='ltr'><strong>resurrectio</strong></span> <span class='ocrx_word' id='word_1_46' title='bbox 474 624 527 683; x_wconf 81' lang='lat' dir='ltr'><strong>est3</strong></span> <span class='ocrx_word' id='word_1_47' title='bbox 549 623 609 683; x_wconf 89' lang='lat' dir='ltr'><strong>quia</strong></span> <span class='ocrx_word' id='word_1_48' title='bbox 629 633 675 681; x_wconf 89' lang='lat' dir='ltr'><strong>pro</strong></span> <span class='ocrx_word' id='word_1_49' title='bbox 699 620 804 679; x_wconf 89' lang='lat' dir='ltr'><strong>actuque</strong></span> <span class='ocrx_word' id='word_1_50' title='bbox 823 618 964 667; x_wconf 88' lang='lat' dir='ltr'><strong>desiderant</strong></span> <span class='ocrx_word' id='word_1_51' title='bbox 980 620 1113 666; x_wconf 82' lang='lat' dir='ltr'><strong>convenire</strong></span> <span class='ocrx_word' id='word_1_52' title='bbox 1128 619 1231 667; x_wconf 75' lang='lat' dir='ltr'><strong>:Omnes</strong></span> 
     </span>
     <span class='ocr_line' id='line_1_6' title="bbox 143 686 1230 752; baseline -0.006 -14"><span class='ocrx_word' id='word_1_53' title='bbox 143 691 216 739; x_wconf 91' lang='lat' dir='ltr'><strong>nobis</strong></span> <span class='ocrx_word' id='word_1_54' title='bbox 225 705 310 752; x_wconf 86' lang='lat' dir='ltr'><strong>passus</strong></span> <span class='ocrx_word' id='word_1_55' title='bbox 321 692 358 740; x_wconf 86' lang='lat' dir='ltr'><strong>est</strong></span> <span class='ocrx_word' id='word_1_56' title='bbox 365 692 486 739; x_wconf 83' lang='lat' dir='ltr'><strong>Dominus</strong></span> <span class='ocrx_word' id='word_1_57' title='bbox 495 691 566 751; x_wconf 85' lang='lat' dir='ltr'><strong>;quia</strong></span> <span class='ocrx_word' id='word_1_58' title='bbox 578 691 621 736; x_wconf 93' lang='lat' dir='ltr'><strong>illo</strong></span> <span class='ocrx_word' id='word_1_59' title='bbox 631 702 676 736; x_wconf 91' lang='lat' dir='ltr'><strong>nos</strong></span> <span class='ocrx_word' id='word_1_60' title='bbox 698 691 742 736; x_wconf 84' lang='lat' dir='ltr'><strong>ur&#39;oe</strong></span> <span class='ocrx_word' id='word_1_61' title='bbox 753 701 810 737; x_wconf 83' lang='lat' dir='ltr'><strong>mee</strong></span> <span class='ocrx_word' id='word_1_62' title='bbox 824 701 904 736; x_wconf 87' lang='lat' dir='ltr'><strong>corum</strong></span> <span class='ocrx_word' id='word_1_63' title='bbox 913 691 948 746; x_wconf 85' lang='lat' dir='ltr'><strong>te,</strong></span> <span class='ocrx_word' id='word_1_64' title='bbox 956 689 1065 737; x_wconf 79' lang='lat' dir='ltr'><strong><em>Domine.</em></strong></span> <span class='ocrx_word' id='word_1_65' title='bbox 1077 688 1147 735; x_wconf 87' lang='lat' dir='ltr'><strong>Nulla</strong></span> <span class='ocrx_word' id='word_1_66' title='bbox 1161 686 1230 733; x_wconf 87' lang='lat' dir='ltr'><strong>enirn</strong></span> 
     </span>
     <span class='ocr_line' id='line_1_7' title="bbox 143 756 1230 821; baseline -0.007 -12"><span class='ocrx_word' id='word_1_67' title='bbox 143 762 251 809; x_wconf 82' lang='lat' dir='ltr'><strong>redcmlt</strong></span> <span class='ocrx_word' id='word_1_68' title='bbox 268 762 402 821; x_wconf 78' lang='lat' dir='ltr'><strong>sanguine,</strong></span> <span class='ocrx_word' id='word_1_69' title='bbox 425 763 468 809; x_wconf 87' lang='lat' dir='ltr'><strong>illa</strong></span> <span class='ocrx_word' id='word_1_70' title='bbox 487 761 518 807; x_wconf 88' lang='lat' dir='ltr'><strong>ad</strong></span> <span class='ocrx_word' id='word_1_71' title='bbox 535 759 675 820; x_wconf 78' lang='lat' dir='ltr'>paradisum</span> <span class='ocrx_word' id='word_1_72' title='bbox 698 757 780 816; x_wconf 88' lang='lat' dir='ltr'><strong>potest</strong></span> <span class='ocrx_word' id='word_1_73' title='bbox 788 757 830 804; x_wconf 84' lang='lat' dir='ltr'><strong>ria</strong></span> <span class='ocrx_word' id='word_1_74' title='bbox 841 769 894 804; x_wconf 88' lang='lat' dir='ltr'><strong>esse</strong></span> <span class='ocrx_word' id='word_1_75' title='bbox 905 757 1038 814; x_wconf 85' lang='lat' dir='ltr'><strong>bona‚nisi</strong></span> <span class='ocrx_word' id='word_1_76' title='bbox 1047 769 1121 816; x_wconf 89' lang='lat' dir='ltr'><strong>quarn</strong></span> <span class='ocrx_word' id='word_1_77' title='bbox 1132 757 1160 803; x_wconf 85' lang='lat' dir='ltr'><strong>tu</strong></span> <span class='ocrx_word' id='word_1_78' title='bbox 1171 756 1230 802; x_wconf 88' lang='lat' dir='ltr'><strong>illu·</strong></span> 
     </span>
     <span class='ocr_line' id='line_1_8' title="bbox 142 822 1231 888; baseline -0.006 -12"><span class='ocrx_word' id='word_1_79' title='bbox 142 829 322 878; x_wconf 86' lang='lat' dir='ltr'><strong>resurrectione</strong></span> <span class='ocrx_word' id='word_1_80' title='bbox 336 829 471 877; x_wconf 82' lang='lat' dir='ltr'><strong>revocavit.</strong></span> <span class='ocrx_word' id='word_1_81' title='bbox 487 829 534 887; x_wconf 83' lang='lat' dir='ltr'><strong>Qui</strong></span> <span class='ocrx_word' id='word_1_82' title='bbox 550 828 603 875; x_wconf 78' lang='lat' dir='ltr'><strong>baec</strong></span> <span class='ocrx_word' id='word_1_83' title='bbox 621 838 676 874; x_wconf 91' lang='lat' dir='ltr'><strong>cre·</strong></span> <span class='ocrx_word' id='word_1_84' title='bbox 698 824 839 872; x_wconf 81' lang='lat' dir='ltr'><strong>minandum</strong></span> <span class='ocrx_word' id='word_1_85' title='bbox 849 825 887 872; x_wconf 90' lang='lat' dir='ltr'><strong>tui</strong></span> <span class='ocrx_word' id='word_1_86' title='bbox 899 825 1042 888; x_wconf 79' lang='lat' dir='ltr'><strong>visitatione</strong></span> <span class='ocrx_word' id='word_1_87' title='bbox 1052 824 1154 872; x_wconf 90' lang='lat' dir='ltr'><strong>luminis</strong></span> <span class='ocrx_word' id='word_1_88' title='bbox 1162 822 1231 883; x_wconf 82' lang='lat' dir='ltr'><strong>judi-</strong></span> 
     </span>
     <span class='ocr_line' id='line_1_9' title="bbox 144 893 1230 958; baseline -0.006 -14"><span class='ocrx_word' id='word_1_89' title='bbox 144 897 193 956; x_wconf 85' lang='lat' dir='ltr'><strong>dit,</strong></span> <span class='ocrx_word' id='word_1_90' title='bbox 204 899 324 958; x_wconf 91' lang='lat' dir='ltr'><strong>quomodo</strong></span> <span class='ocrx_word' id='word_1_91' title='bbox 340 898 421 958; x_wconf 87' lang='lat' dir='ltr'><strong>petest</strong></span> <span class='ocrx_word' id='word_1_92' title='bbox 439 897 550 957; x_wconf 87' lang='lat' dir='ltr'><strong>turbari,</strong></span> <span class='ocrx_word' id='word_1_93' title='bbox 562 895 603 944; x_wconf 90' lang='lat' dir='ltr'><strong>cui</strong></span> <span class='ocrx_word' id='word_1_94' title='bbox 619 907 675 956; x_wconf 88' lang='lat' dir='ltr'><strong>spes</strong></span> <span class='ocrx_word' id='word_1_95' title='bbox 699 895 793 940; x_wconf 84' lang='lat' dir='ltr'><strong>caveris</strong></span> <span class='ocrx_word' id='word_1_96' title='bbox 811 906 818 938; x_wconf 81' lang='lat' dir='ltr'><strong>r</strong></span> <span class='ocrx_word' id='word_1_97' title='bbox 839 894 880 940; x_wconf 89' lang='lat' dir='ltr'><strong>cui</strong></span> <span class='ocrx_word' id='word_1_98' title='bbox 892 893 1029 951; x_wconf 76' lang='lat' dir='ltr'><strong>eniterer,</strong></span> <span class='ocrx_word' id='word_1_99' title='bbox 1048 893 1145 952; x_wconf 79' lang='lat' dir='ltr'><strong>gloria,</strong></span> <span class='ocrx_word' id='word_1_100' title='bbox 1161 894 1230 951; x_wconf 87' lang='lat' dir='ltr'><strong>laus,</strong></span> 
     </span>
     <span class='ocr_line' id='line_1_10' title="bbox 143 961 1231 1025; baseline -0.007 -11"><span class='ocrx_word' id='word_1_101' title='bbox 143 968 213 1025; x_wconf 72' lang='lat' dir='ltr'><strong>regni</strong></span> <span class='ocrx_word' id='word_1_102' title='bbox 225 968 333 1015; x_wconf 83' lang='lat' dir='ltr'><strong>eoelastie</strong></span> <span class='ocrx_word' id='word_1_103' title='bbox 345 964 469 1025; x_wconf 70' lang='lat' dir='ltr'><strong>adsurgit?</strong></span> <span class='ocrx_word' id='word_1_104' title='bbox 698 961 873 1021; x_wconf 84' lang='lat' dir='ltr'><strong>perpetuitasa</strong></span> <span class='ocrx_word' id='word_1_105' title='bbox 884 961 993 1021; x_wconf 86' lang='lat' dir='ltr'><strong>saeculis,</strong></span> <span class='ocrx_word' id='word_1_106' title='bbox 1005 963 1030 1010; x_wconf 88' lang='lat' dir='ltr'><strong>et</strong></span> <span class='ocrx_word' id='word_1_107' title='bbox 1040 972 1105 1008; x_wconf 88' lang='lat' dir='ltr'><strong>nunc</strong></span> <span class='ocrx_word' id='word_1_108' title='bbox 1114 993 1121 1020; x_wconf 83' lang='lat'>,</span> <span class='ocrx_word' id='word_1_109' title='bbox 1130 961 1155 1007; x_wconf 90' lang='lat' dir='ltr'><strong>et</strong></span> <span class='ocrx_word' id='word_1_110' title='bbox 1163 972 1231 1008; x_wconf 84' lang='lat' dir='ltr'><strong>nem·</strong></span> 
     </span>
     <span class='ocr_line' id='line_1_11' title="bbox 174 1030 1227 1096; baseline -0.003 -14"><span class='ocrx_word' id='word_1_111' title='bbox 174 1035 213 1082; x_wconf 72' lang='lat'><strong>22.</strong></span> <span class='ocrx_word' id='word_1_112' title='bbox 225 1036 343 1096; x_wconf 84' lang='lat' dir='ltr'><strong>Sequitur</strong></span> <span class='ocrx_word' id='word_1_113' title='bbox 353 1047 440 1083; x_wconf 84' lang='lat' dir='ltr'><strong>rursus</strong></span> <span class='ocrx_word' id='word_1_114' title='bbox 450 1034 535 1082; x_wconf 85' lang='lat' dir='ltr'><strong>sextus</strong></span> <span class='ocrx_word' id='word_1_115' title='bbox 554 1034 676 1094; x_wconf 71' lang='lat' dir='ltr'><strong>adinspec-</strong></span> <span class='ocrx_word' id='word_1_116' title='bbox 698 1042 757 1089; x_wconf 88' lang='lat' dir='ltr'><strong>por,</strong></span> <span class='ocrx_word' id='word_1_117' title='bbox 775 1031 801 1078; x_wconf 90' lang='lat' dir='ltr'><strong>et</strong></span> <span class='ocrx_word' id='word_1_118' title='bbox 821 1031 848 1078; x_wconf 86' lang='lat' dir='ltr'><strong>in</strong></span> <span class='ocrx_word' id='word_1_119' title='bbox 864 1032 947 1078; x_wconf 88' lang='lat' dir='ltr'><strong>omnia</strong></span> <span class='ocrx_word' id='word_1_120' title='bbox 962 1031 1052 1078; x_wconf 86' lang='lat' dir='ltr'><strong>saecula</strong></span> <span class='ocrx_word' id='word_1_121' title='bbox 1071 1030 1227 1079; x_wconf 84' lang='lat' dir='ltr'><strong>saeculorum.</strong></span> 
     </span>
     <span class='ocr_line' id='line_1_12' title="bbox 142 1099 785 1162; baseline -0.011 -10"><span class='ocrx_word' id='word_1_122' title='bbox 142 1103 224 1152; x_wconf 79' lang='lat' dir='ltr'><strong>telem</strong></span> <span class='ocrx_word' id='word_1_123' title='bbox 236 1105 340 1152; x_wconf 70' lang='lat' dir='ltr'><strong>emolere</strong></span> <span class='ocrx_word' id='word_1_124' title='bbox 352 1106 419 1150; x_wconf 82' lang='lat' dir='ltr'><strong>teum</strong></span> <span class='ocrx_word' id='word_1_125' title='bbox 425 1135 433 1160; x_wconf 90' lang='lat'>‚</span> <span class='ocrx_word' id='word_1_126' title='bbox 444 1105 545 1151; x_wconf 82' lang='lat' dir='ltr'><strong>Domine</strong></span> <span class='ocrx_word' id='word_1_127' title='bbox 563 1118 571 1150; x_wconf 78' lang='lat' dir='ltr'><strong>r</strong></span> <span class='ocrx_word' id='word_1_128' title='bbox 583 1105 605 1149; x_wconf 87' lang='lat' dir='ltr'><strong>et</strong></span> <span class='ocrx_word' id='word_1_129' title='bbox 612 1114 674 1162; x_wconf 83' lang='lat' dir='ltr'><strong>proe·</strong></span> <span class='ocrx_word' id='word_1_130' title='bbox 698 1099 785 1146; x_wconf 76' lang='lat' dir='ltr'><strong>brnen.</strong></span> 
     </span>
     <span class='ocr_line' id='line_1_13' title="bbox 141 1171 673 1232; baseline -0.009 -12"><span class='ocrx_word' id='word_1_131' title='bbox 141 1176 208 1232; x_wconf 75' lang='lat' dir='ltr'><strong>cepta</strong></span> <span class='ocrx_word' id='word_1_132' title='bbox 225 1175 267 1220; x_wconf 88' lang='lat' dir='ltr'><strong>tue</strong></span> <span class='ocrx_word' id='word_1_133' title='bbox 283 1174 335 1231; x_wconf 70' lang='lat' dir='ltr'><strong>teci.</strong></span> <span class='ocrx_word' id='word_1_134' title='bbox 352 1172 400 1229; x_wconf 81' lang='lat' dir='ltr'><strong>Qoi</strong></span> <span class='ocrx_word' id='word_1_135' title='bbox 421 1172 563 1232; x_wconf 79' lang='lat' dir='ltr'>exspectat,</span> <span class='ocrx_word' id='word_1_136' title='bbox 583 1171 673 1230; x_wconf 86' lang='lat' dir='ltr'><strong>sperat.</strong></span> 
     </span>
     <span class='ocr_line' id='line_1_14' title="bbox 142 1233 1041 1298; baseline 0 -11"><span class='ocrx_word' id='word_1_137' title='bbox 142 1239 273 1287; x_wconf 75' lang='lat' dir='ltr'><strong>Gar-imtem</strong></span> <span class='ocrx_word' id='word_1_138' title='bbox 285 1251 342 1298; x_wconf 79' lang='lat' dir='ltr'><strong>ergo</strong></span> <span class='ocrx_word' id='word_1_139' title='bbox 354 1250 409 1298; x_wconf 85' lang='lat' dir='ltr'><strong>spes</strong></span> <span class='ocrx_word' id='word_1_140' title='bbox 420 1238 676 1298; x_wconf 56' lang='lat' dir='ltr'><strong>praecorrumpere</strong></span> <span class='ocrx_word' id='word_1_141' title='bbox 895 1235 944 1287; x_wconf 83' lang='lat' dir='ltr'><strong>SE</strong></span> <span class='ocrx_word' id='word_1_142' title='bbox 950 1233 1041 1287; x_wconf 78' lang='lat' dir='ltr'><strong>RMO</strong></span> 
     </span>
     <span class='ocr_line' id='line_1_15' title="bbox 142 1305 1142 1380; baseline -0.004 -26"><span class='ocrx_word' id='word_1_143' title='bbox 142 1309 220 1354; x_wconf 85' lang='lat' dir='ltr'><strong>salus.</strong></span> <span class='ocrx_word' id='word_1_144' title='bbox 235 1308 295 1366; x_wconf 84' lang='lat' dir='ltr'><strong>Spes</strong></span> <span class='ocrx_word' id='word_1_145' title='bbox 307 1307 382 1367; x_wconf 78' lang='lat' dir='ltr'><strong>igitur</strong></span> <span class='ocrx_word' id='word_1_146' title='bbox 396 1305 524 1367; x_wconf 86' lang='lat' dir='ltr'><strong>praecurrit</strong></span> <span class='ocrx_word' id='word_1_147' title='bbox 542 1307 673 1365; x_wconf 67' lang='lat' dir='ltr'><strong>effectum</strong></span> <span class='ocrx_word' id='word_1_148' title='bbox 728 1314 732 1324; x_wconf 89' lang='lat'>&#39;</span> <span class='ocrx_word' id='word_1_149' title='bbox 784 1338 1142 1380; x_wconf 73' lang='lat' dir='ltr'><strong>VIGEsmUs-sncunbus.</strong></span> 
     </span>
     <span class='ocr_line' id='line_1_16' title="bbox 142 1374 674 1434; baseline -0.004 -12"><span class='ocrx_word' id='word_1_150' title='bbox 142 1375 201 1422; x_wconf 89' lang='lat' dir='ltr'><strong>ideo</strong></span> <span class='ocrx_word' id='word_1_151' title='bbox 210 1375 253 1434; x_wconf 92' lang='lat' dir='ltr'><strong>qui</strong></span> <span class='ocrx_word' id='word_1_152' title='bbox 263 1376 416 1434; x_wconf 72' lang='lat' dir='ltr'><strong>exspectavit</strong></span> <span class='ocrx_word' id='word_1_153' title='bbox 427 1374 530 1422; x_wconf 86' lang='lat' dir='ltr'><strong>salutem</strong></span> <span class='ocrx_word' id='word_1_154' title='bbox 539 1375 674 1434; x_wconf 86' lang='lat' dir='ltr'><strong>aDomiuo‚</strong></span> 
     </span>
     <span class='ocr_line' id='line_1_17' title="bbox 142 1425 1010 1502; baseline -0.005 -13"><span class='ocrx_word' id='word_1_155' title='bbox 142 1441 269 1502; x_wconf 74' lang='lat' dir='ltr'><strong>praecepta</strong></span> <span class='ocrx_word' id='word_1_156' title='bbox 281 1443 379 1488; x_wconf 86' lang='lat' dir='ltr'><strong>Domini</strong></span> <span class='ocrx_word' id='word_1_157' title='bbox 392 1442 460 1490; x_wconf 87' lang='lat' dir='ltr'><strong>iecit.</strong></span> <span class='ocrx_word' id='word_1_158' title='bbox 472 1443 543 1491; x_wconf 85' lang='lat' dir='ltr'>Unde</span> <span class='ocrx_word' id='word_1_159' title='bbox 553 1445 579 1490; x_wconf 90' lang='lat' dir='ltr'><strong>et</strong></span> <span class='ocrx_word' id='word_1_160' title='bbox 590 1443 675 1490; x_wconf 83' lang='lat' dir='ltr'><strong>llemi-</strong></span> <span class='ocrx_word' id='word_1_161' title='bbox 915 1426 938 1464; x_wconf 60' lang='grc' dir='ltr'><strong>Π·</strong></span> <span class='ocrx_word' id='word_1_162' title='bbox 956 1425 1010 1465; x_wconf 75' lang='lat' dir='ltr'><strong>Tau.</strong></span> 
     </span>
    </p>
   </div>
   <div class='ocr_carea' id='block_1_3' title="bbox 937 1162 989 1176">
    <p class='ocr_par' dir='ltr' id='par_1_3' title="bbox 937 1162 989 1176">
     <span class='ocr_line' id='line_1_18' title="bbox 937 1162 989 1176; baseline 0.019 -1"><span class='ocrx_word' id='word_1_163' title='bbox 937 1162 989 1176; x_wconf 43' lang='lat' dir='ltr'><em>Q</em></span> 
     </span>
    </p>
   </div>
   <div class='ocr_carea' id='block_1_4' title="bbox 140 1508 1233 1916">
    <p class='ocr_par' dir='ltr' id='par_1_4' title="bbox 140 1508 1233 1775">
     <span class='ocr_line' id='line_1_19' title="bbox 142 1508 1233 1570; baseline -0.001 -12"><span class='ocrx_word' id='word_1_164' title='bbox 142 1523 191 1558; x_wconf 88' lang='lat' dir='ltr'><strong>uus</strong></span> <span class='ocrx_word' id='word_1_165' title='bbox 202 1511 310 1570; x_wconf 89' lang='lat' dir='ltr'><strong>appellat</strong></span> <span class='ocrx_word' id='word_1_166' title='bbox 319 1512 410 1558; x_wconf 91' lang='lat' dir='ltr'><strong>amicos</strong></span> <span class='ocrx_word' id='word_1_167' title='bbox 420 1511 447 1557; x_wconf 89' lang='lat' dir='ltr'><strong>in</strong></span> <span class='ocrx_word' id='word_1_168' title='bbox 461 1511 593 1570; x_wconf 74' lang='lat' dir='ltr'><strong>Evangelio</strong></span> <span class='ocrx_word' id='word_1_169' title='bbox 604 1543 612 1568; x_wconf 87' lang='lat'>‚</span> <span class='ocrx_word' id='word_1_170' title='bbox 625 1523 674 1558; x_wconf 91' lang='lat' dir='ltr'><strong>non</strong></span> <span class='ocrx_word' id='word_1_171' title='bbox 729 1512 753 1557; x_wconf 86' lang='lat' dir='ltr'><strong>l.</strong></span> <span class='ocrx_word' id='word_1_172' title='bbox 771 1511 871 1557; x_wconf 78' lang='lat' dir='ltr'><strong>lncrrrr</strong></span> <span class='ocrx_word' id='word_1_173' title='bbox 891 1509 974 1556; x_wconf 88' lang='lat' dir='ltr'><strong>littera</strong></span> <span class='ocrx_word' id='word_1_174' title='bbox 997 1512 1063 1566; x_wconf 80' lang='lat' dir='ltr'><strong>Teu,</strong></span> <span class='ocrx_word' id='word_1_175' title='bbox 1080 1520 1136 1569; x_wconf 77' lang='lat' dir='ltr'><strong>quae</strong></span> <span class='ocrx_word' id='word_1_176' title='bbox 1152 1508 1233 1558; x_wconf 87' lang='lat' dir='ltr'><strong>latina</strong></span> 
     </span>
     <span class='ocr_line' id='line_1_20' title="bbox 141 1578 1230 1640; baseline -0.002 -12"><span class='ocrx_word' id='word_1_177' title='bbox 141 1592 242 1637; x_wconf 85' lang='lat' dir='ltr'><strong>servos,</strong></span> <span class='ocrx_word' id='word_1_178' title='bbox 252 1580 296 1640; x_wconf 92' lang='lat' dir='ltr'><strong>qui</strong></span> <span class='ocrx_word' id='word_1_179' title='bbox 307 1592 349 1628; x_wconf 87' lang='lat' dir='ltr'><strong>sua</strong></span> <span class='ocrx_word' id='word_1_180' title='bbox 361 1580 482 1639; x_wconf 85' lang='lat' dir='ltr'><strong>praecepta</strong></span> <span class='ocrx_word' id='word_1_181' title='bbox 493 1579 615 1628; x_wconf 80' lang='lat' dir='ltr'><strong>iecerunt.</strong></span> <span class='ocrx_word' id='word_1_182' title='bbox 626 1581 672 1638; x_wconf 86' lang='lat' dir='ltr'><strong>Qui</strong></span> <span class='ocrx_word' id='word_1_183' title='bbox 697 1578 900 1638; x_wconf 76' lang='lat' dir='ltr'><strong>interpretatione</strong></span> <span class='ocrx_word' id='word_1_184' title='bbox 908 1578 1044 1638; x_wconf 76' lang='lat' dir='ltr'><strong>significat,</strong></span> <span class='ocrx_word' id='word_1_185' title='bbox 1052 1579 1150 1627; x_wconf 75' lang='lat' dir='ltr'><strong>Erravit</strong></span> <span class='ocrx_word' id='word_1_186' title='bbox 1161 1593 1169 1625; x_wconf 91' lang='lat'><strong>.·</strong></span> <span class='ocrx_word' id='word_1_187' title='bbox 1180 1579 1230 1626; x_wconf 87' lang='lat' dir='ltr'><strong>elia</strong></span> 
     </span>
     <span class='ocr_line' id='line_1_21' title="bbox 142 1646 1231 1708; baseline -0.001 -13"><span class='ocrx_word' id='word_1_188' title='bbox 142 1646 225 1706; x_wconf 71' lang='lat' dir='ltr'><strong>diligit</strong></span> <span class='ocrx_word' id='word_1_189' title='bbox 235 1649 316 1706; x_wconf 87' lang='lat' dir='ltr'><strong>enirn,</strong></span> <span class='ocrx_word' id='word_1_190' title='bbox 328 1648 386 1694; x_wconf 85' lang='lat' dir='ltr'><strong>iacit</strong></span> <span class='ocrx_word' id='word_1_191' title='bbox 398 1661 404 1693; x_wconf 85' lang='lat' dir='ltr'><strong>r</strong></span> <span class='ocrx_word' id='word_1_192' title='bbox 417 1650 442 1696; x_wconf 92' lang='lat' dir='ltr'><strong>et</strong></span> <span class='ocrx_word' id='word_1_193' title='bbox 450 1648 494 1707; x_wconf 87' lang='lat' dir='ltr'><strong>qui</strong></span> <span class='ocrx_word' id='word_1_194' title='bbox 505 1647 607 1708; x_wconf 85' lang='lat' dir='ltr'><strong>iecerit,</strong></span> <span class='ocrx_word' id='word_1_195' title='bbox 619 1662 672 1695; x_wconf 89' lang='lat' dir='ltr'><strong>me·</strong></span> <span class='ocrx_word' id='word_1_196' title='bbox 697 1647 868 1706; x_wconf 80' lang='lat' dir='ltr'><strong>interpretatio</strong></span> <span class='ocrx_word' id='word_1_197' title='bbox 876 1647 959 1705; x_wconf 87' lang='lat' dir='ltr'><strong>habet,</strong></span> <span class='ocrx_word' id='word_1_198' title='bbox 971 1649 1155 1695; x_wconf 79' lang='lat' dir='ltr'><strong>consummarit.</strong></span> <span class='ocrx_word' id='word_1_199' title='bbox 1163 1646 1231 1704; x_wconf 87' lang='lat' dir='ltr'><strong>Quid</strong></span> 
     </span>
     <span class='ocr_line' id='line_1_22' title="bbox 140 1715 1230 1775; baseline 0 -11"><span class='ocrx_word' id='word_1_200' title='bbox 140 1715 342 1764; x_wconf 85' lang='lat' dir='ltr'><strong>riiodilectionis</strong></span> <span class='ocrx_word' id='word_1_201' title='bbox 349 1715 546 1763; x_wconf 86' lang='lat' dir='ltr'><strong>remuneratione</strong></span> <span class='ocrx_word' id='word_1_202' title='bbox 558 1716 671 1763; x_wconf 88' lang='lat' dir='ltr'><strong>donatur.</strong></span> <span class='ocrx_word' id='word_1_203' title='bbox 695 1717 734 1763; x_wconf 87' lang='lat' dir='ltr'><strong>est</strong></span> <span class='ocrx_word' id='word_1_204' title='bbox 752 1715 860 1763; x_wconf 71' lang='lat' dir='ltr'><strong>erravit?</strong></span> <span class='ocrx_word' id='word_1_205' title='bbox 874 1716 998 1775; x_wconf 77' lang='lat' dir='ltr'><strong>vigesima</strong></span> <span class='ocrx_word' id='word_1_206' title='bbox 1020 1716 1128 1763; x_wconf 86' lang='lat' dir='ltr'><strong>secunda</strong></span> <span class='ocrx_word' id='word_1_207' title='bbox 1146 1717 1230 1764; x_wconf 88' lang='lat' dir='ltr'><strong>littera</strong></span> 
     </span>
    </p>

    <p class='ocr_par' dir='ltr' id='par_1_5' title="bbox 143 1784 1232 1916">
     <span class='ocr_line' id='line_1_23' title="bbox 172 1784 1229 1843; baseline 0.002 -12"><span class='ocrx_word' id='word_1_208' title='bbox 172 1785 212 1832; x_wconf 78' lang='lat'><strong>25.</strong></span> <span class='ocrx_word' id='word_1_209' title='bbox 224 1785 433 1843; x_wconf 77' lang='lat' dir='ltr'><strong>Sequiturrersus</strong></span> <span class='ocrx_word' id='word_1_210' title='bbox 444 1784 563 1843; x_wconf 82' lang='lat' dir='ltr'><strong>septimus</strong></span> <span class='ocrx_word' id='word_1_211' title='bbox 575 1797 581 1828; x_wconf 76' lang='grc' dir='ltr'><strong>ε</strong></span> <span class='ocrx_word' id='word_1_212' title='bbox 592 1785 672 1832; x_wconf 83' lang='lat' dir='ltr'><strong>certo-</strong></span> <span class='ocrx_word' id='word_1_213' title='bbox 695 1784 748 1843; x_wconf 86' lang='lat' dir='ltr'><strong>est,</strong></span> <span class='ocrx_word' id='word_1_214' title='bbox 767 1797 823 1843; x_wconf 90' lang='lat' dir='ltr'><strong>quae</strong></span> <span class='ocrx_word' id='word_1_215' title='bbox 846 1786 912 1843; x_wconf 86' lang='lat' dir='ltr'><strong>apud</strong></span> <span class='ocrx_word' id='word_1_216' title='bbox 931 1785 1047 1832; x_wconf 85' lang='lat' dir='ltr'><strong>Hebraeos</strong></span> <span class='ocrx_word' id='word_1_217' title='bbox 1070 1786 1108 1832; x_wconf 86' lang='lat' dir='ltr'><strong>est</strong></span> <span class='ocrx_word' id='word_1_218' title='bbox 1131 1787 1229 1834; x_wconf 87' lang='lat' dir='ltr'><strong>ultima.</strong></span> 
     </span>
     <span class='ocr_line' id='line_1_24' title="bbox 143 1853 1232 1916; baseline 0.002 -16"><span class='ocrx_word' id='word_1_219' title='bbox 143 1855 295 1916; x_wconf 36' lang='lat' dir='ltr'><strong>dioitfeuime</strong></span> <span class='ocrx_word' id='word_1_220' title='bbox 311 1866 364 1899; x_wconf 87' lang='lat' dir='ltr'><strong>mee</strong></span> <span class='ocrx_word' id='word_1_221' title='bbox 381 1854 513 1900; x_wconf 81' lang='lat' dir='ltr'><strong>testimonio</strong></span> <span class='ocrx_word' id='word_1_222' title='bbox 524 1855 566 1899; x_wconf 86' lang='lat' dir='ltr'><strong>lua</strong></span> <span class='ocrx_word' id='word_1_223' title='bbox 578 1866 586 1897; x_wconf 85' lang='lat'>:</span> <span class='ocrx_word' id='word_1_224' title='bbox 600 1855 622 1899; x_wconf 86' lang='lat' dir='ltr'><strong>et</strong></span> <span class='ocrx_word' id='word_1_225' title='bbox 638 1855 673 1899; x_wconf 81' lang='lat' dir='ltr'><strong>di·</strong></span> <span class='ocrx_word' id='word_1_226' title='bbox 695 1855 789 1900; x_wconf 82' lang='lat' dir='ltr'><strong>Psalmo</strong></span> <span class='ocrx_word' id='word_1_227' title='bbox 801 1853 883 1900; x_wconf 89' lang='lat' dir='ltr'><strong>autem</strong></span> <span class='ocrx_word' id='word_1_228' title='bbox 899 1854 961 1910; x_wconf 87' lang='lat' dir='ltr'><strong>isto,</strong></span> <span class='ocrx_word' id='word_1_229' title='bbox 972 1855 1020 1901; x_wconf 91' lang='lat' dir='ltr'><strong>hoo</strong></span> <span class='ocrx_word' id='word_1_230' title='bbox 1031 1853 1082 1913; x_wconf 85' lang='lat' dir='ltr'><strong>est,</strong></span> <span class='ocrx_word' id='word_1_231' title='bbox 1094 1856 1232 1902; x_wconf 85' lang='lat' dir='ltr'><strong>centesimo</strong></span> 
     </span>
    </p>
   </div>
   <div class='ocr_carea' id='block_1_5' title="bbox 131 1919 1237 4038">
    <p class='ocr_par' dir='ltr' id='par_1_6' title="bbox 131 1919 1237 4038">
     <span class='ocr_line' id='line_1_25' title="bbox 144 1919 1231 1979; baseline -0.002 -10"><span class='ocrx_word' id='word_1_232' title='bbox 144 1922 202 1968; x_wconf 73' lang='lat' dir='ltr'><strong>trad</strong></span> <span class='ocrx_word' id='word_1_233' title='bbox 217 1921 334 1968; x_wconf 75' lang='lat' dir='ltr'><strong>eusimio.</strong></span> <span class='ocrx_word' id='word_1_234' title='bbox 348 1921 407 1966; x_wconf 85' lang='lat' dir='ltr'><strong>Plus</strong></span> <span class='ocrx_word' id='word_1_235' title='bbox 418 1920 455 1966; x_wconf 88' lang='lat' dir='ltr'><strong>est</strong></span> <span class='ocrx_word' id='word_1_236' title='bbox 470 1919 588 1978; x_wconf 75' lang='lat' dir='ltr'><strong>diligere,</strong></span> <span class='ocrx_word' id='word_1_237' title='bbox 599 1931 672 1978; x_wconf 85' lang='lat' dir='ltr'><strong>quem</strong></span> <span class='ocrx_word' id='word_1_238' title='bbox 696 1923 781 1968; x_wconf 79' lang='lat' dir='ltr'><strong>octavo</strong></span> <span class='ocrx_word' id='word_1_239' title='bbox 792 1920 889 1966; x_wconf 89' lang='lat' dir='ltr'><strong>decimo</strong></span> <span class='ocrx_word' id='word_1_240' title='bbox 897 1920 1034 1979; x_wconf 86' lang='lat' dir='ltr'><strong>proiectum</strong></span> <span class='ocrx_word' id='word_1_241' title='bbox 1046 1921 1154 1968; x_wconf 88' lang='lat' dir='ltr'><strong>bominis</strong></span> <span class='ocrx_word' id='word_1_242' title='bbox 1166 1921 1231 1967; x_wconf 84' lang='lat' dir='ltr'><strong>dixi-</strong></span> 
     </span>
     <span class='ocr_line' id='line_1_26' title="bbox 143 1986 1232 2049; baseline 0 -13"><span class='ocrx_word' id='word_1_243' title='bbox 143 1988 265 2036; x_wconf 87' lang='lat' dir='ltr'><strong>custodire</strong></span> <span class='ocrx_word' id='word_1_244' title='bbox 276 1986 399 2046; x_wconf 75' lang='lat' dir='ltr'><strong>:etsuprn</strong></span> <span class='ocrx_word' id='word_1_245' title='bbox 408 1987 516 2034; x_wconf 83' lang='lat' dir='ltr'><strong>diximus</strong></span> <span class='ocrx_word' id='word_1_246' title='bbox 526 1987 584 2046; x_wconf 88' lang='lat' dir='ltr'><strong>quia</strong></span> <span class='ocrx_word' id='word_1_247' title='bbox 593 1987 673 2033; x_wconf 87' lang='lat' dir='ltr'><strong>custo-</strong></span> <span class='ocrx_word' id='word_1_248' title='bbox 696 2002 751 2036; x_wconf 90' lang='lat' dir='ltr'><strong>mus</strong></span> <span class='ocrx_word' id='word_1_249' title='bbox 767 1989 913 2049; x_wconf 79' lang='lat' dir='ltr'><strong>significari,</strong></span> <span class='ocrx_word' id='word_1_250' title='bbox 932 1990 976 2048; x_wconf 92' lang='lat' dir='ltr'><strong>qui</strong></span> <span class='ocrx_word' id='word_1_251' title='bbox 995 1989 1111 2037; x_wconf 80' lang='lat' dir='ltr'><strong>doctrina</strong></span> <span class='ocrx_word' id='word_1_252' title='bbox 1131 1991 1232 2037; x_wconf 87' lang='lat' dir='ltr'><strong>moralis</strong></span> 
     </span>
     <span class='ocr_line' id='line_1_27' title="bbox 143 2054 1230 2118; baseline 0.003 -15"><span class='ocrx_word' id='word_1_253' title='bbox 143 2056 216 2115; x_wconf 72' lang='lat' dir='ltr'><strong>dire,</strong></span> <span class='ocrx_word' id='word_1_254' title='bbox 235 2056 361 2102; x_wconf 87' lang='lat' dir='ltr'><strong>interdurn</strong></span> <span class='ocrx_word' id='word_1_255' title='bbox 382 2054 536 2101; x_wconf 72' lang='lat' dir='ltr'><strong>necessitatis</strong></span> <span class='ocrx_word' id='word_1_256' title='bbox 555 2055 610 2110; x_wconf 82' lang='lat' dir='ltr'><strong>est,</strong></span> <span class='ocrx_word' id='word_1_257' title='bbox 631 2054 672 2099; x_wconf 79' lang='lat' dir='ltr'><strong>vel</strong></span> <span class='ocrx_word' id='word_1_258' title='bbox 696 2057 844 2117; x_wconf 82' lang='lat' dir='ltr'><strong>magisteriis</strong></span> <span class='ocrx_word' id='word_1_259' title='bbox 855 2056 1230 2118; x_wconf 89' lang='lat' dir='ltr'><strong>eruditus,dcponeretomnem</strong></span> 
     </span>
     <span class='ocr_line' id='line_1_28' title="bbox 143 2122 1231 2191; baseline 0 -17"><span class='ocrx_word' id='word_1_260' title='bbox 143 2127 261 2174; x_wconf 83' lang='lat' dir='ltr'><strong>timoris:</strong></span> <span class='ocrx_word' id='word_1_261' title='bbox 278 2125 381 2184; x_wconf 75' lang='lat' dir='ltr'><strong>diligere</strong></span> <span class='ocrx_word' id='word_1_262' title='bbox 405 2124 523 2191; x_wconf 81' lang='lat' dir='ltr'><strong>caritatis.</strong></span> <span class='ocrx_word' id='word_1_263' title='bbox 538 2123 597 2170; x_wconf 89' lang='lat' dir='ltr'><strong>ideo</strong></span> <span class='ocrx_word' id='word_1_264' title='bbox 616 2135 672 2170; x_wconf 90' lang='lat' dir='ltr'><strong>cum</strong></span> <span class='ocrx_word' id='word_1_265' title='bbox 696 2125 867 2173; x_wconf 81' lang='lat' dir='ltr'><strong>inexercitatae</strong></span> <span class='ocrx_word' id='word_1_266' title='bbox 885 2127 975 2175; x_wconf 86' lang='lat' dir='ltr'><strong>mentis</strong></span> <span class='ocrx_word' id='word_1_267' title='bbox 994 2126 1126 2173; x_wconf 83' lang='lat' dir='ltr'><strong>infantiam</strong></span> <span class='ocrx_word' id='word_1_268' title='bbox 1137 2139 1144 2172; x_wconf 81' lang='lat' dir='ltr'><strong>r</strong></span> <span class='ocrx_word' id='word_1_269' title='bbox 1157 2122 1231 2174; x_wconf 61' lang='lat' dir='ltr'><strong>adsim</strong></span> 
     </span>
     <span class='ocr_line' id='line_1_29' title="bbox 143 2192 1232 2252; baseline 0.001 -11"><span class='ocrx_word' id='word_1_270' title='bbox 143 2194 186 2242; x_wconf 88' lang='lat' dir='ltr'><strong>bic</strong></span> <span class='ocrx_word' id='word_1_271' title='bbox 197 2195 300 2241; x_wconf 83' lang='lat' dir='ltr'><strong>dixisset</strong></span> <span class='ocrx_word' id='word_1_272' title='bbox 311 2207 318 2238; x_wconf 78' lang='lat' dir='ltr'><strong>a</strong></span> <span class='ocrx_word' id='word_1_273' title='bbox 329 2195 453 2249; x_wconf 64' lang='lat' dir='ltr'><strong>Certumne,</strong></span> <span class='ocrx_word' id='word_1_274' title='bbox 463 2192 553 2249; x_wconf 80' lang='lat' dir='ltr'><strong>adjecit</strong></span> <span class='ocrx_word' id='word_1_275' title='bbox 564 2192 672 2252; x_wconf 70' lang='lat' dir='ltr'><strong>:Dilect3</strong></span> <span class='ocrx_word' id='word_1_276' title='bbox 696 2196 776 2242; x_wconf 91' lang='lat' dir='ltr'><strong>meret</strong></span> <span class='ocrx_word' id='word_1_277' title='bbox 796 2194 880 2241; x_wconf 87' lang='lat' dir='ltr'><strong>antem</strong></span> <span class='ocrx_word' id='word_1_278' title='bbox 898 2194 1011 2252; x_wconf 80' lang='lat' dir='ltr'><strong>veterani</strong></span> <span class='ocrx_word' id='word_1_279' title='bbox 1032 2194 1129 2241; x_wconf 89' lang='lat' dir='ltr'><strong>consilii</strong></span> <span class='ocrx_word' id='word_1_280' title='bbox 1147 2194 1232 2242; x_wconf 90' lang='lat' dir='ltr'><strong>scien-</strong></span> 
     </span>
     <span class='ocr_line' id='line_1_30' title="bbox 142 2260 1231 2322; baseline 0.002 -13"><span class='ocrx_word' id='word_1_281' title='bbox 142 2262 172 2309; x_wconf 90' lang='lat' dir='ltr'><strong>ut</strong></span> <span class='ocrx_word' id='word_1_282' title='bbox 181 2261 290 2310; x_wconf 85' lang='lat' dir='ltr'><strong>custodia</strong></span> <span class='ocrx_word' id='word_1_283' title='bbox 298 2261 545 2319; x_wconf 86' lang='lat' dir='ltr'><strong>amantisinerit‚non</strong></span> <span class='ocrx_word' id='word_1_284' title='bbox 553 2260 672 2307; x_wconf 84' lang='lat' dir='ltr'><strong>timentis.</strong></span> <span class='ocrx_word' id='word_1_285' title='bbox 697 2262 772 2320; x_wconf 87' lang='lat' dir='ltr'><strong>tiam,</strong></span> <span class='ocrx_word' id='word_1_286' title='bbox 784 2264 810 2310; x_wconf 90' lang='lat' dir='ltr'><strong>et</strong></span> <span class='ocrx_word' id='word_1_287' title='bbox 819 2262 958 2322; x_wconf 75' lang='lat' dir='ltr'><strong>prudentiae</strong></span> <span class='ocrx_word' id='word_1_288' title='bbox 969 2263 1055 2310; x_wconf 90' lang='lat' dir='ltr'><strong>senilis</strong></span> <span class='ocrx_word' id='word_1_289' title='bbox 1067 2262 1174 2310; x_wconf 87' lang='lat' dir='ltr'><strong>aetatem.</strong></span> <span class='ocrx_word' id='word_1_290' title='bbox 1182 2265 1231 2311; x_wconf 86' lang='lat' dir='ltr'><strong>Ubi</strong></span> 
     </span>
     <span class='ocr_line' id='line_1_31' title="bbox 142 2328 1231 2393; baseline 0.003 -15"><span class='ocrx_word' id='word_1_291' title='bbox 142 2331 192 2391; x_wconf 83' lang='lat' dir='ltr'><strong>Qui</strong></span> <span class='ocrx_word' id='word_1_292' title='bbox 207 2331 311 2378; x_wconf 91' lang='lat' dir='ltr'><strong>nimium</strong></span> <span class='ocrx_word' id='word_1_293' title='bbox 322 2329 416 2390; x_wconf 75' lang='lat' dir='ltr'><strong>diligit,</strong></span> <span class='ocrx_word' id='word_1_294' title='bbox 427 2329 532 2376; x_wconf 87' lang='lat' dir='ltr'><strong>nimium</strong></span> <span class='ocrx_word' id='word_1_295' title='bbox 543 2328 657 2375; x_wconf 88' lang='lat' dir='ltr'><strong>custodit.</strong></span> <span class='ocrx_word' id='word_1_296' title='bbox 697 2334 780 2379; x_wconf 90' lang='lat' dir='ltr'><strong>autem</strong></span> <span class='ocrx_word' id='word_1_297' title='bbox 799 2345 866 2380; x_wconf 88' lang='lat' dir='ltr'><strong>error</strong></span> <span class='ocrx_word' id='word_1_298' title='bbox 883 2334 936 2392; x_wconf 90' lang='lat' dir='ltr'><strong>est,</strong></span> <span class='ocrx_word' id='word_1_299' title='bbox 955 2333 1027 2393; x_wconf 88' lang='lat' dir='ltr'><strong>culpa</strong></span> <span class='ocrx_word' id='word_1_300' title='bbox 1046 2332 1164 2392; x_wconf 72' lang='lat' dir='ltr'><strong>signatur.</strong></span> <span class='ocrx_word' id='word_1_301' title='bbox 1183 2332 1231 2382; x_wconf 84' lang='lat' dir='ltr'><strong>llic</strong></span> 
     </span>
     <span class='ocr_line' id='line_1_32' title="bbox 173 2397 1232 2462; baseline 0.004 -16"><span class='ocrx_word' id='word_1_302' title='bbox 173 2397 213 2446; x_wconf 69' lang='lat'><strong>211.</strong></span> <span class='ocrx_word' id='word_1_303' title='bbox 222 2398 338 2458; x_wconf 83' lang='lat' dir='ltr'><strong>Sequitur</strong></span> <span class='ocrx_word' id='word_1_304' title='bbox 347 2410 434 2446; x_wconf 83' lang='lat' dir='ltr'><strong>versus</strong></span> <span class='ocrx_word' id='word_1_305' title='bbox 445 2399 545 2445; x_wconf 62' lang='lat' dir='ltr'><strong>oeneus</strong></span> <span class='ocrx_word' id='word_1_306' title='bbox 561 2410 568 2442; x_wconf 76' lang='grc' dir='ltr'><strong>ε</strong></span> <span class='ocrx_word' id='word_1_307' title='bbox 580 2400 674 2446; x_wconf 78' lang='lat' dir='ltr'><strong>Servari</strong></span> <span class='ocrx_word' id='word_1_308' title='bbox 697 2413 754 2460; x_wconf 80' lang='lat' dir='ltr'><strong>erqo</strong></span> <span class='ocrx_word' id='word_1_309' title='bbox 765 2403 803 2449; x_wconf 85' lang='lat' dir='ltr'><strong>est</strong></span> <span class='ocrx_word' id='word_1_310' title='bbox 813 2400 938 2462; x_wconf 81' lang='lat' dir='ltr'><strong>proiectus</strong></span> <span class='ocrx_word' id='word_1_311' title='bbox 948 2401 1018 2459; x_wconf 84' lang='lat' dir='ltr'><strong>bnis,</strong></span> <span class='ocrx_word' id='word_1_312' title='bbox 1029 2401 1058 2448; x_wconf 90' lang='lat' dir='ltr'><strong>ut</strong></span> <span class='ocrx_word' id='word_1_313' title='bbox 1068 2401 1143 2448; x_wconf 88' lang='lat' dir='ltr'><strong>etiarn</strong></span> <span class='ocrx_word' id='word_1_314' title='bbox 1151 2402 1232 2462; x_wconf 76' lang='lat' dir='ltr'><strong>culpae</strong></span> 
     </span>
     <span class='ocr_line' id='line_1_33' title="bbox 140 2467 1231 2531; baseline 0.003 -16"><span class='ocrx_word' id='word_1_315' title='bbox 140 2471 257 2531; x_wconf 81' lang='lat' dir='ltr'><strong>precepta</strong></span> <span class='ocrx_word' id='word_1_316' title='bbox 267 2470 310 2515; x_wconf 84' lang='lat' dir='ltr'><strong>tue</strong></span> <span class='ocrx_word' id='word_1_317' title='bbox 320 2470 342 2514; x_wconf 86' lang='lat' dir='ltr'><strong>et</strong></span> <span class='ocrx_word' id='word_1_318' title='bbox 352 2468 484 2514; x_wconf 65' lang='lat' dir='ltr'><strong>loramento</strong></span> <span class='ocrx_word' id='word_1_319' title='bbox 495 2468 536 2513; x_wconf 82' lang='lat' dir='ltr'><strong>ine</strong></span> <span class='ocrx_word' id='word_1_320' title='bbox 542 2480 551 2524; x_wconf 82' lang='lat'><strong>,-</strong></span> <span class='ocrx_word' id='word_1_321' title='bbox 562 2467 673 2525; x_wconf 73' lang='lat' dir='ltr'><strong>quociens</strong></span> <span class='ocrx_word' id='word_1_322' title='bbox 698 2469 738 2516; x_wconf 88' lang='lat' dir='ltr'><strong>sit.</strong></span> <span class='ocrx_word' id='word_1_323' title='bbox 749 2469 797 2516; x_wconf 86' lang='lat' dir='ltr'><strong>Sed</strong></span> <span class='ocrx_word' id='word_1_324' title='bbox 809 2469 866 2516; x_wconf 87' lang='lat' dir='ltr'><strong>ride</strong></span> <span class='ocrx_word' id='word_1_325' title='bbox 877 2469 937 2528; x_wconf 91' lang='lat' dir='ltr'><strong>quid</strong></span> <span class='ocrx_word' id='word_1_326' title='bbox 955 2468 1141 2528; x_wconf 88' lang='lat' dir='ltr'><strong>interpretetur.</strong></span> <span class='ocrx_word' id='word_1_327' title='bbox 1153 2471 1231 2518; x_wconf 80' lang='lat' dir='ltr'><strong>Erre·</strong></span> 
     </span>
     <span class='ocr_line' id='line_1_34' title="bbox 131 2534 1231 2598; baseline -0.003 -11"><span class='ocrx_word' id='word_1_328' title='bbox 131 2551 223 2587; x_wconf 76' lang='lat' dir='ltr'><strong>omme</strong></span> <span class='ocrx_word' id='word_1_329' title='bbox 235 2539 279 2584; x_wconf 75' lang='lat' dir='ltr'><strong>crioe</strong></span> <span class='ocrx_word' id='word_1_330' title='bbox 290 2548 348 2583; x_wconf 81' lang='lat' dir='ltr'><strong>mee</strong></span> <span class='ocrx_word' id='word_1_331' title='bbox 358 2537 412 2582; x_wconf 82' lang='lat' dir='ltr'><strong>ente</strong></span> <span class='ocrx_word' id='word_1_332' title='bbox 424 2536 454 2591; x_wconf 82' lang='lat' dir='ltr'><strong>te,</strong></span> <span class='ocrx_word' id='word_1_333' title='bbox 465 2537 573 2581; x_wconf 83' lang='lat' dir='ltr'><strong>Domine.</strong></span> <span class='ocrx_word' id='word_1_334' title='bbox 584 2534 674 2580; x_wconf 77' lang='lat' dir='ltr'><strong>Beatus</strong></span> <span class='ocrx_word' id='word_1_335' title='bbox 698 2541 742 2597; x_wconf 81' lang='lat' dir='ltr'><strong>eit,</strong></span> <span class='ocrx_word' id='word_1_336' title='bbox 760 2538 854 2598; x_wconf 88' lang='lat' dir='ltr'><strong>inquit;</strong></span> <span class='ocrx_word' id='word_1_337' title='bbox 866 2550 915 2585; x_wconf 91' lang='lat' dir='ltr'><strong>non</strong></span> <span class='ocrx_word' id='word_1_338' title='bbox 930 2538 1011 2596; x_wconf 86' lang='lat' dir='ltr'><strong>errat,</strong></span> <span class='ocrx_word' id='word_1_339' title='bbox 1023 2537 1067 2584; x_wconf 88' lang='lat' dir='ltr'><strong>sed</strong></span> <span class='ocrx_word' id='word_1_340' title='bbox 1081 2539 1175 2585; x_wconf 71' lang='lat' dir='ltr'><strong>emerit.</strong></span> <span class='ocrx_word' id='word_1_341' title='bbox 1185 2539 1231 2585; x_wconf 88' lang='lat' dir='ltr'><strong>Er-</strong></span> 
     </span>
     <span class='ocr_line' id='line_1_35' title="bbox 143 2603 1229 2667; baseline -0.001 -14"><span class='ocrx_word' id='word_1_342' title='bbox 143 2606 187 2667; x_wconf 94' lang='lat' dir='ltr'><strong>qui</strong></span> <span class='ocrx_word' id='word_1_343' title='bbox 198 2605 279 2666; x_wconf 88' lang='lat' dir='ltr'><strong>potest</strong></span> <span class='ocrx_word' id='word_1_344' title='bbox 289 2605 371 2652; x_wconf 91' lang='lat' dir='ltr'><strong>dicere</strong></span> <span class='ocrx_word' id='word_1_345' title='bbox 383 2616 389 2649; x_wconf 76' lang='grc' dir='ltr'><strong>ε</strong></span> <span class='ocrx_word' id='word_1_346' title='bbox 401 2603 536 2652; x_wconf 82' lang='lat' dir='ltr'><strong>Omoceuioe</strong></span> <span class='ocrx_word' id='word_1_347' title='bbox 546 2615 604 2650; x_wconf 80' lang='lat' dir='ltr'><strong>mee</strong></span> <span class='ocrx_word' id='word_1_348' title='bbox 619 2606 673 2650; x_wconf 84' lang='lat' dir='ltr'><strong>onte</strong></span> <span class='ocrx_word' id='word_1_349' title='bbox 697 2618 762 2654; x_wconf 85' lang='lat' dir='ltr'><strong>rasse</strong></span> <span class='ocrx_word' id='word_1_350' title='bbox 772 2641 779 2666; x_wconf 93' lang='lat'><strong>‚</strong></span> <span class='ocrx_word' id='word_1_351' title='bbox 791 2606 912 2665; x_wconf 84' lang='lat' dir='ltr'><strong>praeteriti</strong></span> <span class='ocrx_word' id='word_1_352' title='bbox 929 2607 967 2654; x_wconf 89' lang='lat' dir='ltr'><strong>est</strong></span> <span class='ocrx_word' id='word_1_353' title='bbox 984 2605 1102 2665; x_wconf 86' lang='lat' dir='ltr'><strong>temporis</strong></span> <span class='ocrx_word' id='word_1_354' title='bbox 1113 2616 1120 2648; x_wconf 82' lang='lat' dir='ltr'><strong>r</strong></span> <span class='ocrx_word' id='word_1_355' title='bbox 1132 2617 1229 2665; x_wconf 87' lang='lat' dir='ltr'><strong>errare,</strong></span> 
     </span>
     <span class='ocr_line' id='line_1_36' title="bbox 143 2671 1230 2738; baseline -0.006 -11"><span class='ocrx_word' id='word_1_356' title='bbox 143 2681 166 2727; x_wconf 84' lang='lat' dir='ltr'><strong>te</strong></span> <span class='ocrx_word' id='word_1_357' title='bbox 185 2693 193 2725; x_wconf 80' lang='lat' dir='ltr'><strong>r</strong></span> <span class='ocrx_word' id='word_1_358' title='bbox 209 2677 253 2738; x_wconf 90' lang='lat' dir='ltr'><strong>qui</strong></span> <span class='ocrx_word' id='word_1_359' title='bbox 268 2677 332 2723; x_wconf 85' lang='lat' dir='ltr'><strong>nolit</strong></span> <span class='ocrx_word' id='word_1_360' title='bbox 347 2675 495 2722; x_wconf 88' lang='lat' dir='ltr'><strong>abscondere</strong></span> <span class='ocrx_word' id='word_1_361' title='bbox 511 2687 596 2722; x_wconf 90' lang='lat' dir='ltr'><strong>omnes</strong></span> <span class='ocrx_word' id='word_1_362' title='bbox 607 2675 673 2734; x_wconf 80' lang='lat' dir='ltr'><strong>eogi-</strong></span> <span class='ocrx_word' id='word_1_363' title='bbox 696 2675 832 2735; x_wconf 87' lang='lat' dir='ltr'><strong>praesentis.</strong></span> <span class='ocrx_word' id='word_1_364' title='bbox 844 2675 892 2733; x_wconf 85' lang='lat' dir='ltr'><strong>Qui</strong></span> <span class='ocrx_word' id='word_1_365' title='bbox 909 2674 1014 2733; x_wconf 87' lang='lat' dir='ltr'><strong>erravit,</strong></span> <span class='ocrx_word' id='word_1_366' title='bbox 1026 2671 1117 2720; x_wconf 89' lang='lat' dir='ltr'><strong>desivit</strong></span> <span class='ocrx_word' id='word_1_367' title='bbox 1131 2685 1230 2734; x_wconf 87' lang='lat' dir='ltr'><strong>errare,</strong></span> 
     </span>
     <span class='ocr_line' id='line_1_37' title="bbox 142 2743 1231 2805; baseline -0.003 -11"><span class='ocrx_word' id='word_1_368' title='bbox 142 2745 249 2795; x_wconf 84' lang='lat' dir='ltr'><strong>tationes</strong></span> <span class='ocrx_word' id='word_1_369' title='bbox 255 2757 410 2805; x_wconf 86' lang='lat' dir='ltr'><strong>suas‚orunes</strong></span> <span class='ocrx_word' id='word_1_370' title='bbox 418 2746 487 2792; x_wconf 89' lang='lat' dir='ltr'><strong>actus</strong></span> <span class='ocrx_word' id='word_1_371' title='bbox 494 2757 563 2791; x_wconf 89' lang='lat' dir='ltr'><strong>sues:</strong></span> <span class='ocrx_word' id='word_1_372' title='bbox 573 2744 674 2790; x_wconf 90' lang='lat' dir='ltr'><strong>abscon·</strong></span> <span class='ocrx_word' id='word_1_373' title='bbox 697 2744 723 2792; x_wconf 90' lang='lat' dir='ltr'><strong>et</strong></span> <span class='ocrx_word' id='word_1_374' title='bbox 740 2745 851 2792; x_wconf 81' lang='lat' dir='ltr'><strong>veterem</strong></span> <span class='ocrx_word' id='word_1_375' title='bbox 863 2743 1010 2790; x_wconf 88' lang='lat' dir='ltr'><strong>condemnat</strong></span> <span class='ocrx_word' id='word_1_376' title='bbox 1022 2754 1139 2789; x_wconf 90' lang='lat' dir='ltr'><strong>errorem.</strong></span> <span class='ocrx_word' id='word_1_377' title='bbox 1152 2743 1188 2790; x_wconf 76' lang='lat' dir='ltr'><strong>lie</strong></span> <span class='ocrx_word' id='word_1_378' title='bbox 1199 2755 1231 2791; x_wconf 88' lang='lat' dir='ltr'><strong>eo</strong></span> 
     </span>
     <span class='ocr_line' id='line_1_38' title="bbox 143 2809 1231 2871; baseline -0.003 -9"><span class='ocrx_word' id='word_1_379' title='bbox 143 2814 219 2862; x_wconf 88' lang='lat' dir='ltr'><strong>debat</strong></span> <span class='ocrx_word' id='word_1_380' title='bbox 236 2815 311 2862; x_wconf 72' lang='lat' dir='ltr'><strong>adam</strong></span> <span class='ocrx_word' id='word_1_381' title='bbox 330 2813 489 2871; x_wconf 84' lang='lat' dir='ltr'><strong>viamsuam,</strong></span> <span class='ocrx_word' id='word_1_382' title='bbox 510 2811 673 2859; x_wconf 88' lang='lat' dir='ltr'><strong>abscondebat</strong></span> <span class='ocrx_word' id='word_1_383' title='bbox 698 2813 764 2860; x_wconf 90' lang='lat' dir='ltr'><strong>euim</strong></span> <span class='ocrx_word' id='word_1_384' title='bbox 784 2812 891 2869; x_wconf 80' lang='lat' dir='ltr'><strong>dicitur,</strong></span> <span class='ocrx_word' id='word_1_385' title='bbox 914 2811 1021 2869; x_wconf 85' lang='lat' dir='ltr'><strong>errarit,</strong></span> <span class='ocrx_word' id='word_1_386' title='bbox 1042 2809 1127 2869; x_wconf 90' lang='lat' dir='ltr'><strong>quiin</strong></span> <span class='ocrx_word' id='word_1_387' title='bbox 1147 2824 1231 2859; x_wconf 88' lang='lat' dir='ltr'><strong>errore</strong></span> 
     </span>
     <span class='ocr_line' id='line_1_39' title="bbox 142 2877 1231 2942; baseline -0.005 -12"><span class='ocrx_word' id='word_1_388' title='bbox 142 2884 194 2930; x_wconf 79' lang='lat' dir='ltr'><strong>Eva</strong></span> <span class='ocrx_word' id='word_1_389' title='bbox 216 2882 270 2942; x_wconf 87' lang='lat' dir='ltr'><strong>post</strong></span> <span class='ocrx_word' id='word_1_390' title='bbox 295 2883 406 2942; x_wconf 87' lang='lat' dir='ltr'><strong>culpam,</strong></span> <span class='ocrx_word' id='word_1_391' title='bbox 432 2880 597 2928; x_wconf 85' lang='lat' dir='ltr'><strong>abscondebat</strong></span> <span class='ocrx_word' id='word_1_392' title='bbox 615 2880 673 2927; x_wconf 86' lang='lat' dir='ltr'><strong>Cain</strong></span> <span class='ocrx_word' id='word_1_393' title='bbox 695 2879 746 2937; x_wconf 82' lang='lat' dir='ltr'><strong>jam</strong></span> <span class='ocrx_word' id='word_1_394' title='bbox 757 2892 806 2927; x_wconf 92' lang='lat' dir='ltr'><strong>non</strong></span> <span class='ocrx_word' id='word_1_395' title='bbox 814 2880 928 2939; x_wconf 80' lang='lat' dir='ltr'><strong>sit3nam</strong></span> <span class='ocrx_word' id='word_1_396' title='bbox 936 2879 958 2926; x_wconf 88' lang='lat' dir='ltr'><strong>is</strong></span> <span class='ocrx_word' id='word_1_397' title='bbox 966 2877 1008 2938; x_wconf 92' lang='lat' dir='ltr'><strong>qui</strong></span> <span class='ocrx_word' id='word_1_398' title='bbox 1020 2878 1135 2925; x_wconf 86' lang='lat' dir='ltr'><strong>adbucin</strong></span> <span class='ocrx_word' id='word_1_399' title='bbox 1147 2891 1231 2926; x_wconf 87' lang='lat' dir='ltr'><strong>errore</strong></span> 
     </span>
     <span class='ocr_line' id='line_1_40' title="bbox 142 2946 1229 3007; baseline -0.005 -10"><span class='ocrx_word' id='word_1_400' title='bbox 142 2962 231 2998; x_wconf 88' lang='lat' dir='ltr'><strong>necem</strong></span> <span class='ocrx_word' id='word_1_401' title='bbox 247 2949 338 2997; x_wconf 85' lang='lat' dir='ltr'><strong>iratris.</strong></span> <span class='ocrx_word' id='word_1_402' title='bbox 350 2950 377 2994; x_wconf 92' lang='lat' dir='ltr'><strong>lu</strong></span> <span class='ocrx_word' id='word_1_403' title='bbox 389 2948 480 2996; x_wconf 80' lang='lat' dir='ltr'><strong>affectu</strong></span> <span class='ocrx_word' id='word_1_404' title='bbox 491 2949 609 2995; x_wconf 88' lang='lat' dir='ltr'><strong>habemus</strong></span> <span class='ocrx_word' id='word_1_405' title='bbox 619 2949 675 2995; x_wconf 88' lang='lat' dir='ltr'><strong>abs-</strong></span> <span class='ocrx_word' id='word_1_406' title='bbox 697 2948 856 3007; x_wconf 87' lang='lat' dir='ltr'><strong>permaneat,</strong></span> <span class='ocrx_word' id='word_1_407' title='bbox 876 2959 926 2994; x_wconf 90' lang='lat' dir='ltr'><strong>non</strong></span> <span class='ocrx_word' id='word_1_408' title='bbox 948 2959 1041 2992; x_wconf 88' lang='lat' dir='ltr'><strong>errasse</strong></span> <span class='ocrx_word' id='word_1_409' title='bbox 1063 2946 1168 3006; x_wconf 86' lang='lat' dir='ltr'><strong>dicitur,</strong></span> <span class='ocrx_word' id='word_1_410' title='bbox 1185 2947 1229 2994; x_wconf 89' lang='lat' dir='ltr'><strong>sed</strong></span> 
     </span>
     <span class='ocr_line' id='line_1_41' title="bbox 144 3013 1229 3075; baseline -0.003 -10"><span class='ocrx_word' id='word_1_411' title='bbox 144 3017 265 3075; x_wconf 88' lang='lat' dir='ltr'><strong>condere,</strong></span> <span class='ocrx_word' id='word_1_412' title='bbox 276 3028 325 3063; x_wconf 91' lang='lat' dir='ltr'><strong>non</strong></span> <span class='ocrx_word' id='word_1_413' title='bbox 340 3016 366 3062; x_wconf 90' lang='lat' dir='ltr'><strong>iu</strong></span> <span class='ocrx_word' id='word_1_414' title='bbox 382 3015 563 3062; x_wconf 76' lang='lat' dir='ltr'><strong>ellectu.l&gt;lena</strong></span> <span class='ocrx_word' id='word_1_415' title='bbox 573 3016 675 3061; x_wconf 88' lang='lat' dir='ltr'><strong>abscon·</strong></span> <span class='ocrx_word' id='word_1_416' title='bbox 698 3027 802 3063; x_wconf 85' lang='lat' dir='ltr'><strong>errare:</strong></span> <span class='ocrx_word' id='word_1_417' title='bbox 822 3027 904 3061; x_wconf 89' lang='lat' dir='ltr'><strong>errare</strong></span> <span class='ocrx_word' id='word_1_418' title='bbox 925 3014 991 3061; x_wconf 86' lang='lat' dir='ltr'><strong>enim</strong></span> <span class='ocrx_word' id='word_1_419' title='bbox 1009 3015 1177 3072; x_wconf 87' lang='lat' dir='ltr'><strong>permanentis</strong></span> <span class='ocrx_word' id='word_1_420' title='bbox 1202 3013 1229 3062; x_wconf 92' lang='lat' dir='ltr'><strong>in</strong></span> 
     </span>
     <span class='ocr_line' id='line_1_42' title="bbox 145 3082 1235 3144; baseline -0.002 -11"><span class='ocrx_word' id='word_1_421' title='bbox 145 3086 227 3134; x_wconf 85' lang='lat' dir='ltr'><strong>dentis</strong></span> <span class='ocrx_word' id='word_1_422' title='bbox 241 3085 361 3144; x_wconf 86' lang='lat' dir='ltr'><strong>perfidia,</strong></span> <span class='ocrx_word' id='word_1_423' title='bbox 376 3082 423 3130; x_wconf 90' lang='lat' dir='ltr'><strong>etsi</strong></span> <span class='ocrx_word' id='word_1_424' title='bbox 440 3083 505 3142; x_wconf 90' lang='lat' dir='ltr'><strong>apud</strong></span> <span class='ocrx_word' id='word_1_425' title='bbox 516 3083 598 3129; x_wconf 86' lang='lat' dir='ltr'><strong>Deum</strong></span> <span class='ocrx_word' id='word_1_426' title='bbox 607 3083 675 3130; x_wconf 87' lang='lat' dir='ltr'><strong>nulla</strong></span> <span class='ocrx_word' id='word_1_427' title='bbox 697 3083 760 3131; x_wconf 82' lang='lat' dir='ltr'><strong>vitio</strong></span> <span class='ocrx_word' id='word_1_428' title='bbox 776 3083 829 3142; x_wconf 91' lang='lat' dir='ltr'><strong>est,</strong></span> <span class='ocrx_word' id='word_1_429' title='bbox 840 3094 949 3143; x_wconf 89' lang='lat' dir='ltr'><strong>errasse,</strong></span> <span class='ocrx_word' id='word_1_430' title='bbox 965 3083 1111 3144; x_wconf 80' lang='lat' dir='ltr'><strong>corrigentis</strong></span> <span class='ocrx_word' id='word_1_431' title='bbox 1129 3084 1166 3131; x_wconf 88' lang='lat' dir='ltr'><strong>est</strong></span> <span class='ocrx_word' id='word_1_432' title='bbox 1176 3082 1235 3144; x_wconf 84' lang='lat' dir='ltr'><strong>lap·&#39;</strong></span> 
     </span>
     <span class='ocr_line' id='line_1_43' title="bbox 142 3150 762 3202; baseline -0.005 -1"><span class='ocrx_word' id='word_1_433' title='bbox 142 3153 287 3202; x_wconf 86' lang='lat' dir='ltr'><strong>sitlatebra.</strong></span> <span class='ocrx_word' id='word_1_434' title='bbox 296 3151 354 3198; x_wconf 88' lang='lat' dir='ltr'><strong>ideo</strong></span> <span class='ocrx_word' id='word_1_435' title='bbox 365 3151 472 3198; x_wconf 86' lang='lat' dir='ltr'><strong>Ecclesia</strong></span> <span class='ocrx_word' id='word_1_436' title='bbox 484 3150 624 3199; x_wconf 82' lang='lat' dir='ltr'><strong>ineanticis</strong></span> <span class='ocrx_word' id='word_1_437' title='bbox 632 3164 675 3198; x_wconf 88' lang='lat' dir='ltr'><strong>sna</strong></span> <span class='ocrx_word' id='word_1_438' title='bbox 698 3164 762 3201; x_wconf 90' lang='lat' dir='ltr'><strong>sum.</strong></span> 
     </span>
     <span class='ocr_line' id='line_1_44' title="bbox 143 3219 1234 3281; baseline -0.003 -9"><span class='ocrx_word' id='word_1_439' title='bbox 143 3223 168 3272; x_wconf 88' lang='lat' dir='ltr'><strong>ei</strong></span> <span class='ocrx_word' id='word_1_440' title='bbox 185 3222 282 3270; x_wconf 84' lang='lat' dir='ltr'><strong>secreta</strong></span> <span class='ocrx_word' id='word_1_441' title='bbox 296 3219 459 3279; x_wconf 84' lang='lat' dir='ltr'><strong>monstrabat,</strong></span> <span class='ocrx_word' id='word_1_442' title='bbox 479 3220 563 3267; x_wconf 88' lang='lat' dir='ltr'><strong>dicens</strong></span> <span class='ocrx_word' id='word_1_443' title='bbox 582 3221 675 3268; x_wconf 79' lang='lat' dir='ltr'><strong>:Aoee-</strong></span> <span class='ocrx_word' id='word_1_444' title='bbox 728 3220 876 3281; x_wconf 71' lang='lat' dir='ltr'><strong>alienique</strong></span> <span class='ocrx_word' id='word_1_445' title='bbox 895 3220 1040 3269; x_wconf 88' lang='lat' dir='ltr'><strong>emendator</strong></span> <span class='ocrx_word' id='word_1_446' title='bbox 1055 3234 1151 3270; x_wconf 89' lang='lat' dir='ltr'><strong>morum</strong></span> <span class='ocrx_word' id='word_1_447' title='bbox 1169 3221 1204 3269; x_wconf 87' lang='lat' dir='ltr'><strong>ait</strong></span> <span class='ocrx_word' id='word_1_448' title='bbox 1221 3236 1234 3269; x_wconf 77' lang='lat' dir='ltr'><strong>r</strong></span> 
     </span>
     <span class='ocr_line' id='line_1_45' title="bbox 143 3290 1231 3351; baseline -0.004 -11"><span class='ocrx_word' id='word_1_449' title='bbox 143 3303 209 3340; x_wconf 87' lang='lat' dir='ltr'><strong>mem</strong></span> <span class='ocrx_word' id='word_1_450' title='bbox 221 3291 251 3345; x_wconf 87' lang='lat' dir='ltr'><strong>te,</strong></span> <span class='ocrx_word' id='word_1_451' title='bbox 263 3290 284 3336; x_wconf 86' lang='lat' dir='ltr'><strong>et</strong></span> <span class='ocrx_word' id='word_1_452' title='bbox 293 3290 401 3336; x_wconf 81' lang='lat' dir='ltr'><strong>indacum</strong></span> <span class='ocrx_word' id='word_1_453' title='bbox 412 3291 432 3335; x_wconf 87' lang='lat' dir='ltr'><strong>tc</strong></span> <span class='ocrx_word' id='word_1_454' title='bbox 447 3290 472 3334; x_wconf 85' lang='lat' dir='ltr'><strong>in</strong></span> <span class='ocrx_word' id='word_1_455' title='bbox 482 3290 577 3335; x_wconf 84' lang='lat' dir='ltr'><strong>domum</strong></span> <span class='ocrx_word' id='word_1_456' title='bbox 592 3290 675 3336; x_wconf 70' lang='lat' dir='ltr'><strong>metra</strong></span> <span class='ocrx_word' id='word_1_457' title='bbox 698 3291 802 3338; x_wconf 74' lang='lat' dir='ltr'><strong>dromus</strong></span> <span class='ocrx_word' id='word_1_458' title='bbox 812 3292 874 3337; x_wconf 82' lang='lat' dir='ltr'><strong>enim</strong></span> <span class='ocrx_word' id='word_1_459' title='bbox 890 3292 1016 3351; x_wconf 83' lang='lat' dir='ltr'><strong>aliquando</strong></span> <span class='ocrx_word' id='word_1_460' title='bbox 1034 3292 1165 3351; x_wconf 78' lang='lat' dir='ltr'><strong>incipientes</strong></span> <span class='ocrx_word' id='word_1_461' title='bbox 1172 3324 1180 3348; x_wconf 93' lang='lat'><strong><em>,</em></strong></span> <span class='ocrx_word' id='word_1_462' title='bbox 1191 3294 1231 3338; x_wconf 83' lang='lat' dir='ltr'><strong>iu-</strong></span> 
     </span>
     <span class='ocr_line' id='line_1_46' title="bbox 142 3357 1232 3422; baseline 0 -14"><span class='ocrx_word' id='word_1_463' title='bbox 142 3373 201 3408; x_wconf 79' lang='lat' dir='ltr'><strong>meae</strong></span> <span class='ocrx_word' id='word_1_464' title='bbox 207 3391 216 3416; x_wconf 90' lang='lat'>,</span> <span class='ocrx_word' id='word_1_465' title='bbox 228 3360 251 3405; x_wconf 88' lang='lat' dir='ltr'><strong>et</strong></span> <span class='ocrx_word' id='word_1_466' title='bbox 268 3360 293 3404; x_wconf 79' lang='lat' dir='ltr'><strong>r&#39;re</strong></span> <span class='ocrx_word' id='word_1_467' title='bbox 306 3360 419 3404; x_wconf 78' lang='lat' dir='ltr'><strong>secretum</strong></span> <span class='ocrx_word' id='word_1_468' title='bbox 438 3357 487 3415; x_wconf 76' lang='lat' dir='ltr'><strong>ejus</strong></span> <span class='ocrx_word' id='word_1_469' title='bbox 502 3369 554 3417; x_wconf 83' lang='lat' dir='ltr'><strong>qnoe</strong></span> <span class='ocrx_word' id='word_1_470' title='bbox 575 3359 676 3417; x_wconf 82' lang='lat' dir='ltr'><strong>concepit</strong></span> <span class='ocrx_word' id='word_1_471' title='bbox 698 3360 797 3415; x_wconf 84' lang='lat' dir='ltr'><strong>creduli,</strong></span> <span class='ocrx_word' id='word_1_472' title='bbox 808 3362 912 3407; x_wconf 81' lang='lat' dir='ltr'><strong>errantes</strong></span> <span class='ocrx_word' id='word_1_473' title='bbox 927 3361 952 3406; x_wconf 83' lang='lat' dir='ltr'><strong>in</strong></span> <span class='ocrx_word' id='word_1_474' title='bbox 962 3361 1079 3407; x_wconf 79' lang='lat' dir='ltr'><strong>decideriis</strong></span> <span class='ocrx_word' id='word_1_475' title='bbox 1090 3363 1111 3406; x_wconf 88' lang='lat' dir='ltr'><strong>ct</strong></span> <span class='ocrx_word' id='word_1_476' title='bbox 1124 3361 1232 3422; x_wconf 86' lang='lat' dir='ltr'><strong>uolupta-</strong></span> 
     </span>
     <span class='ocr_line' id='line_1_47' title="bbox 143 3423 1231 3488; baseline 0.004 -16"><span class='ocrx_word' id='word_1_477' title='bbox 143 3441 189 3476; x_wconf 82' lang='lat' dir='ltr'><strong>me.</strong></span> <span class='ocrx_word' id='word_1_478' title='bbox 200 3427 261 3473; x_wconf 79' lang='lat' dir='ltr'><strong>llam</strong></span> <span class='ocrx_word' id='word_1_479' title='bbox 272 3425 318 3472; x_wconf 86' lang='lat' dir='ltr'><strong>etsi</strong></span> <span class='ocrx_word' id='word_1_480' title='bbox 329 3427 396 3472; x_wconf 87' lang='lat' dir='ltr'><strong>Deus</strong></span> <span class='ocrx_word' id='word_1_481' title='bbox 406 3424 487 3472; x_wconf 89' lang='lat' dir='ltr'><strong>omnia</strong></span> <span class='ocrx_word' id='word_1_482' title='bbox 498 3425 582 3472; x_wconf 84' lang='lat' dir='ltr'><strong>rideat</strong></span> <span class='ocrx_word' id='word_1_483' title='bbox 597 3425 675 3472; x_wconf 89' lang='lat' dir='ltr'><strong>cordis</strong></span> <span class='ocrx_word' id='word_1_484' title='bbox 699 3427 768 3475; x_wconf 82' lang='lat' dir='ltr'><strong>libes.</strong></span> <span class='ocrx_word' id='word_1_485' title='bbox 778 3427 829 3474; x_wconf 86' lang='lat' dir='ltr'><strong>Non</strong></span> <span class='ocrx_word' id='word_1_486' title='bbox 841 3423 1043 3488; x_wconf 64' lang='lat' dir='ltr'><strong>dixisset&#39;utique</strong></span> <span class='ocrx_word' id='word_1_487' title='bbox 1055 3429 1175 3476; x_wconf 78' lang='lat' dir='ltr'><strong>:Eremos</strong></span> <span class='ocrx_word' id='word_1_488' title='bbox 1187 3429 1231 3476; x_wconf 85' lang='lat' dir='ltr'><strong>ali-</strong></span> 
     </span>
     <span class='ocr_line' id='line_1_48' title="bbox 144 3493 1231 3556; baseline -0.001 -12"><span class='ocrx_word' id='word_1_489' title='bbox 144 3495 253 3554; x_wconf 84' lang='lat' dir='ltr'><strong>occulta,</strong></span> <span class='ocrx_word' id='word_1_490' title='bbox 261 3495 352 3541; x_wconf 89' lang='lat' dir='ltr'><strong>bonum</strong></span> <span class='ocrx_word' id='word_1_491' title='bbox 364 3494 446 3540; x_wconf 90' lang='lat' dir='ltr'><strong>tamen</strong></span> <span class='ocrx_word' id='word_1_492' title='bbox 457 3493 531 3540; x_wconf 88' lang='lat' dir='ltr'><strong>estut</strong></span> <span class='ocrx_word' id='word_1_493' title='bbox 543 3494 675 3554; x_wconf 87' lang='lat' dir='ltr'><strong>uuusquis-</strong></span> <span class='ocrx_word' id='word_1_494' title='bbox 698 3497 791 3555; x_wconf 81' lang='lat' dir='ltr'><strong>quondo</strong></span> <span class='ocrx_word' id='word_1_495' title='bbox 799 3493 993 3556; x_wconf 68' lang='lat' dir='ltr'><strong>insapientesmisi</strong></span> <span class='ocrx_word' id='word_1_496' title='bbox 1002 3495 1045 3554; x_wconf 92' lang='lat' dir='ltr'><strong>qui</strong></span> <span class='ocrx_word' id='word_1_497' title='bbox 1054 3495 1159 3555; x_wconf 89' lang='lat' dir='ltr'><strong>adeptus</strong></span> <span class='ocrx_word' id='word_1_498' title='bbox 1167 3499 1231 3543; x_wconf 87' lang='lat' dir='ltr'><strong>essct</strong></span> 
     </span>
     <span class='ocr_line' id='line_1_49' title="bbox 143 3561 1229 3625; baseline 0 -13"><span class='ocrx_word' id='word_1_499' title='bbox 143 3577 194 3625; x_wconf 90' lang='lat' dir='ltr'><strong>que</strong></span> <span class='ocrx_word' id='word_1_500' title='bbox 205 3565 313 3612; x_wconf 88' lang='lat' dir='ltr'><strong>animam</strong></span> <span class='ocrx_word' id='word_1_501' title='bbox 324 3575 393 3609; x_wconf 92' lang='lat' dir='ltr'><strong>suam</strong></span> <span class='ocrx_word' id='word_1_502' title='bbox 405 3562 428 3608; x_wconf 90' lang='lat' dir='ltr'><strong>ei</strong></span> <span class='ocrx_word' id='word_1_503' title='bbox 440 3561 534 3621; x_wconf 87' lang='lat' dir='ltr'><strong>aperiat</strong></span> <span class='ocrx_word' id='word_1_504' title='bbox 544 3563 570 3609; x_wconf 85' lang='lat' dir='ltr'><strong>et</strong></span> <span class='ocrx_word' id='word_1_505' title='bbox 581 3574 675 3621; x_wconf 86' lang='lat' dir='ltr'><strong>expan·</strong></span> <span class='ocrx_word' id='word_1_506' title='bbox 699 3564 783 3624; x_wconf 88' lang='lat' dir='ltr'><strong>postea</strong></span> <span class='ocrx_word' id='word_1_507' title='bbox 809 3564 936 3623; x_wconf 74' lang='lat' dir='ltr'><strong>sapientes</strong></span> <span class='ocrx_word' id='word_1_508' title='bbox 958 3564 1124 3624; x_wconf 87' lang='lat' dir='ltr'><strong>disciplinam.</strong></span> <span class='ocrx_word' id='word_1_509' title='bbox 1144 3567 1229 3625; x_wconf 87' lang='lat' dir='ltr'><strong>Neque</strong></span> 
     </span>
     <span class='ocr_line' id='line_1_50' title="bbox 145 3629 1231 3693; baseline -0.001 -13"><span class='ocrx_word' id='word_1_510' title='bbox 145 3632 202 3690; x_wconf 85' lang='lat' dir='ltr'><strong>dut,</strong></span> <span class='ocrx_word' id='word_1_511' title='bbox 214 3632 372 3689; x_wconf 84' lang='lat' dir='ltr'><strong>etiamquam</strong></span> <span class='ocrx_word' id='word_1_512' title='bbox 384 3629 472 3675; x_wconf 91' lang='lat' dir='ltr'><strong>lumini</strong></span> <span class='ocrx_word' id='word_1_513' title='bbox 483 3630 524 3676; x_wconf 88' lang='lat' dir='ltr'><strong>rel</strong></span> <span class='ocrx_word' id='word_1_514' title='bbox 536 3630 611 3676; x_wconf 88' lang='lat' dir='ltr'><strong>calori</strong></span> <span class='ocrx_word' id='word_1_515' title='bbox 623 3630 676 3688; x_wconf 79' lang='lat' dir='ltr'><strong>eius</strong></span> <span class='ocrx_word' id='word_1_516' title='bbox 699 3633 820 3679; x_wconf 83' lang='lat' dir='ltr'><strong>dixisset:</strong></span> <span class='ocrx_word' id='word_1_517' title='bbox 832 3635 935 3680; x_wconf 81' lang='lat' dir='ltr'><strong>Eremos</strong></span> <span class='ocrx_word' id='word_1_518' title='bbox 945 3636 1064 3691; x_wconf 72' lang='lat' dir='ltr'><strong>menter,</strong></span> <span class='ocrx_word' id='word_1_519' title='bbox 1074 3633 1123 3680; x_wconf 91' lang='lat' dir='ltr'><strong>nisi</strong></span> <span class='ocrx_word' id='word_1_520' title='bbox 1135 3633 1178 3693; x_wconf 93' lang='lat' dir='ltr'><strong>qui</strong></span> <span class='ocrx_word' id='word_1_521' title='bbox 1189 3647 1231 3679; x_wconf 93' lang='lat' dir='ltr'><strong>su-</strong></span> 
     </span>
     <span class='ocr_line' id='line_1_51' title="bbox 145 3696 1237 3760; baseline -0.005 -10"><span class='ocrx_word' id='word_1_522' title='bbox 145 3701 266 3750; x_wconf 86' lang='lat' dir='ltr'><strong>eecurrat.</strong></span> <span class='ocrx_word' id='word_1_523' title='bbox 275 3700 325 3746; x_wconf 82' lang='lat' dir='ltr'><strong>Nec</strong></span> <span class='ocrx_word' id='word_1_524' title='bbox 335 3696 459 3743; x_wconf 84' lang='lat' dir='ltr'><strong>immerito</strong></span> <span class='ocrx_word' id='word_1_525' title='bbox 470 3696 676 3754; x_wconf 71' lang='lat' dir='ltr'><strong>gloriaturEecle·</strong></span> <span class='ocrx_word' id='word_1_526' title='bbox 699 3699 822 3759; x_wconf 88' lang='lat' dir='ltr'><strong>perierem</strong></span> <span class='ocrx_word' id='word_1_527' title='bbox 833 3699 984 3760; x_wconf 85' lang='lat' dir='ltr'><strong>deposuisset</strong></span> <span class='ocrx_word' id='word_1_528' title='bbox 993 3713 1110 3748; x_wconf 89' lang='lat' dir='ltr'><strong>errorem.</strong></span> <span class='ocrx_word' id='word_1_529' title='bbox 1119 3701 1237 3757; x_wconf 77' lang='lat' dir='ltr'><strong>Deniquo&#39;</strong></span> 
     </span>
     <span class='ocr_line' id='line_1_52' title="bbox 146 3765 1230 3828; baseline -0.004 -13"><span class='ocrx_word' id='word_1_530' title='bbox 146 3769 200 3826; x_wconf 86' lang='lat' dir='ltr'><strong>eia,</strong></span> <span class='ocrx_word' id='word_1_531' title='bbox 218 3768 303 3814; x_wconf 87' lang='lat' dir='ltr'><strong>dicens</strong></span> <span class='ocrx_word' id='word_1_532' title='bbox 320 3768 389 3825; x_wconf 85' lang='lat' dir='ltr'><strong>:qu</strong></span> <span class='ocrx_word' id='word_1_533' title='bbox 410 3777 476 3812; x_wconf 81' lang='lat' dir='ltr'><strong>erem</strong></span> <span class='ocrx_word' id='word_1_534' title='bbox 492 3765 519 3810; x_wconf 85' lang='lat' dir='ltr'><strong>in</strong></span> <span class='ocrx_word' id='word_1_535' title='bbox 536 3766 608 3812; x_wconf 82' lang='lat' dir='ltr'><strong>oculis</strong></span> <span class='ocrx_word' id='word_1_536' title='bbox 628 3765 677 3824; x_wconf 81' lang='lat' dir='ltr'><strong>ejas</strong></span> <span class='ocrx_word' id='word_1_537' title='bbox 700 3767 728 3814; x_wconf 90' lang='lat' dir='ltr'><strong>ut</strong></span> <span class='ocrx_word' id='word_1_538' title='bbox 738 3766 855 3814; x_wconf 88' lang='lat' dir='ltr'><strong>abolitum</strong></span> <span class='ocrx_word' id='word_1_539' title='bbox 866 3767 1138 3828; x_wconf 89' lang='lat' dir='ltr'><strong>lapsumdoceret,nec</strong></span> <span class='ocrx_word' id='word_1_540' title='bbox 1152 3767 1230 3813; x_wconf 87' lang='lat' dir='ltr'><strong>ullum</strong></span> 
     </span>
     <span class='ocr_line' id='line_1_53' title="bbox 146 3830 1232 3896; baseline -0.007 -12"><span class='ocrx_word' id='word_1_541' title='bbox 146 3830 677 3895; x_wconf 80' lang='lat' dir='ltr'><strong>lemqeomiooeeicnspacem3quoniamvias</strong></span> <span class='ocrx_word' id='word_1_542' title='bbox 700 3836 841 3884; x_wconf 80' lang='lat' dir='ltr'><strong>offensionis</strong></span> <span class='ocrx_word' id='word_1_543' title='bbox 860 3838 980 3887; x_wconf 89' lang='lat' dir='ltr'><strong>resedisse</strong></span> <span class='ocrx_word' id='word_1_544' title='bbox 996 3837 1142 3896; x_wconf 74' lang='lat' dir='ltr'><strong>vestigium,</strong></span> <span class='ocrx_word' id='word_1_545' title='bbox 1163 3833 1199 3878; x_wconf 85' lang='lat' dir='ltr'><strong>ait</strong></span> <span class='ocrx_word' id='word_1_546' title='bbox 1221 3843 1232 3876; x_wconf 74' lang='lat' dir='ltr'><strong>e</strong></span> 
     </span>
     <span class='ocr_line' id='line_1_54' title="bbox 145 3901 1232 3965; baseline -0.009 -13"><span class='ocrx_word' id='word_1_547' title='bbox 145 3917 202 3952; x_wconf 86' lang='lat' dir='ltr'><strong>suas</strong></span> <span class='ocrx_word' id='word_1_548' title='bbox 222 3903 325 3965; x_wconf 88' lang='lat' dir='ltr'><strong>prodere</strong></span> <span class='ocrx_word' id='word_1_549' title='bbox 342 3915 392 3950; x_wconf 90' lang='lat' dir='ltr'><strong>non</strong></span> <span class='ocrx_word' id='word_1_550' title='bbox 411 3902 523 3951; x_wconf 86' lang='lat' dir='ltr'><strong>timebat.</strong></span> <span class='ocrx_word' id='word_1_551' title='bbox 539 3901 602 3949; x_wconf 81' lang='lat' dir='ltr'><strong>lusti</strong></span> <span class='ocrx_word' id='word_1_552' title='bbox 621 3914 676 3962; x_wconf 70' lang='lat' dir='ltr'><strong>erge</strong></span> <span class='ocrx_word' id='word_1_553' title='bbox 701 3904 846 3951; x_wconf 56' lang='lat' dir='ltr'><strong>&amp;mentem</strong></span> <span class='ocrx_word' id='word_1_554' title='bbox 858 3904 998 3965; x_wconf 63' lang='lat' dir='ltr'><strong>boniportus,</strong></span> <span class='ocrx_word' id='word_1_555' title='bbox 1010 3909 1032 3951; x_wconf 83' lang='lat' dir='ltr'><strong>ot</strong></span> <span class='ocrx_word' id='word_1_556' title='bbox 1042 3902 1177 3949; x_wconf 79' lang='lat' dir='ltr'><strong>beoeeeitas</strong></span> <span class='ocrx_word' id='word_1_557' title='bbox 1188 3911 1232 3956; x_wconf 85' lang='lat' dir='ltr'><strong>op-</strong></span> 
     </span>
     <span class='ocr_line' id='line_1_55' title="bbox 147 3970 1232 4038; baseline -0.007 -18"><span class='ocrx_word' id='word_1_558' title='bbox 147 3974 185 4020; x_wconf 85' lang='lat' dir='ltr'><strong>est</strong></span> <span class='ocrx_word' id='word_1_559' title='bbox 199 3971 323 4038; x_wconf 73' lang='lat' dir='ltr'><strong>istauox:</strong></span> <span class='ocrx_word' id='word_1_560' title='bbox 337 3973 404 4020; x_wconf 83' lang='lat' dir='ltr'><strong>Oculi</strong></span> <span class='ocrx_word' id='word_1_561' title='bbox 417 3970 484 4018; x_wconf 88' lang='lat' dir='ltr'><strong>cuim</strong></span> <span class='ocrx_word' id='word_1_562' title='bbox 501 3971 598 4018; x_wconf 81' lang='lat' dir='ltr'><strong>Domini</strong></span> <span class='ocrx_word' id='word_1_563' title='bbox 608 3984 676 4032; x_wconf 72' lang='lat' dir='ltr'><strong>reaper</strong></span> <span class='ocrx_word' id='word_1_564' title='bbox 699 3973 779 4032; x_wconf 78' lang='lat' dir='ltr'><strong>paruit</strong></span> <span class='ocrx_word' id='word_1_565' title='bbox 789 3973 910 4022; x_wconf 69' lang='lat' dir='ltr'><strong>sustentoris</strong></span> <span class='ocrx_word' id='word_1_566' title='bbox 919 3975 995 4021; x_wconf 83' lang='lat' dir='ltr'><strong>nostri</strong></span> <span class='ocrx_word' id='word_1_567' title='bbox 1005 3973 1061 4026; x_wconf 80' lang='lat' dir='ltr'><strong>Dei,</strong></span> <span class='ocrx_word' id='word_1_568' title='bbox 1073 3981 1119 4014; x_wconf 86' lang='lat' dir='ltr'><strong>non</strong></span> <span class='ocrx_word' id='word_1_569' title='bbox 1132 3981 1162 4016; x_wconf 80' lang='lat' dir='ltr'><strong>cn</strong></span> <span class='ocrx_word' id='word_1_570' title='bbox 1177 3979 1232 4027; x_wconf 54' lang='lat' dir='ltr'><strong>opes</strong></span> 
     </span>
    </p>
   </div>
   <div class='ocr_carea' id='block_1_6' title="bbox 0 0 1382 4784">
    <p class='ocr_par' dir='ltr' id='par_1_7' title="bbox 0 0 1382 4784">
     <span class='ocr_line' id='line_1_56' title="bbox 0 0 1382 4784; baseline 0 0"><span class='ocrx_word' id='word_1_571' title='bbox 0 0 1382 4784; x_wconf 95' lang='lat' dir='ltr'><strong> </strong></span> 
     </span>
    </p>
   </div>
  </div>
 </body>
</html>
