2760 4794
141 482 190 530 3&
532 485 652 529 SANch
666 484 824 528 lnnnosll

143 566 221 613 torm
234 565 359 624 diripitur,
376 565 434 624 qnia
451 565 596 624 imperteeta
611 578 671 625 pee-
693 567 746 624 tus3
764 567 792 613 ut
807 577 879 613 mens
897 566 1024 613 limana
1040 567 1142 628 repleri
1156 564 1236 628 cupiet

142 635 193 680 eati
213 633 382 680 tantummodo
399 633 523 691 judicium
543 634 668 681 declinare
694 633 1236 695 llaesltitaqnaneerrnsfflusenlilo·

143 702 281 759 desiderat,
292 701 401 761 perlecta
411 715 470 749 rere
478 702 669 761 meritnmrepni
693 702 740 759 rit,
749 702 819 748 sitire
829 714 882 748 non
892 702 993 762 pessit.
1013 704 1069 750 llas
1079 717 1159 764 epm
1171 702 1236 752 sitiri

143 770 251 816 eoelestis
260 768 396 828 adquirere.
407 770 579 817 Prmnmimns
587 770 671 815 tamen
693 768 827 829 Propheta,
836 782 897 816 eum
904 770 980 818 dixit
992 785 1002 817 ε
1013 774 1099 820 sitivit
1106 776 1133 820 dr
1140 776 1162 820 te
1168 775 1236 820 asu

144 837 210 897 quod
220 839 351 896 unumque
367 838 466 884 oculum
476 850 524 885 msa
535 838 617 884 anim
626 838 672 883 lra-
694 851 756 884 ιω.
766 837 842 886 Sedet
857 851 922 898 ergo
937 839 1067 888 Christus
1081 853 1160 901 snper
1171 840 1236 887 alu·

145 906 218 962 beat,
229 906 255 952 et
266 906 364 952 eerrlnm
374 904 564 965 snppliiiornrn,
575 907 599 952 el
612 917 673 951 een-
694 904 802 951 dentiam
812 917 957 966 aquarum,
978 908 1010 954 et
1021 920 1105 968 super
1113 907 1234 968 plenu*

145 975 197 1020 lun
207 974 291 1032 pntiae
302 986 309 1018 τ
321 973 411 1020 laernm
424 975 524 1020 oenlnrn
538 972 673 1033 supplicio-
695 986 762 1019 nem.
772 975 802 1020 et
817 974 878 1020 ideo
888 974 936 1033 qui
954 975 1112 1036 baptizatur
1126 977 1154 1022 in
1167 976 1234 1035 nee,

145 1053 219 1098 rum,
239 1042 369 1088 dexterum
388 1043 489 1102 prati23
510 1043 568 1102 qnia
588 1054 637 1088 non
657 1054 672 1088 a
695 1043 871 1090 dieitrz'taos
886 1046 1233 1106 eamdeplealtalisep'n

146 1112 226 1170 primo
242 1111 355 1159 homines
368 1114 471 1172 possum
481 1124 537 1159 esse
551 1111 672 1171 perlecti,
695 1114 832 1173 decepimus.
840 1111 915 1159 llnde
924 1113 955 1159 et
963 1115 1063 1161 oenlns
1070 1114 1232 1174 snpplieieru

146 1179 191 1227 sed
201 1192 244 1239 per
251 1193 391 1240 processum
400 1181 502 1228 rirtntis
512 1181 671 1227 adscendunt
695 1192 745 1227 non
759 1181 857 1228 alienus
871 1182 914 1228 est
929 1181 968 1227 ab
979 1183 1116 1242 liselesia3
1131 1184 1186 1243 quia
1196 1181 1231 1229 etl

147 1250 210 1297 Ante
224 1250 299 1309 igitur
307 1263 460 1310 munaum
470 1251 553 1297 anima
560 1250 631 1310 quasi
642 1249 673 1294 ad
696 1247 834 1307 baptizabat
848 1249 989 1297 lohannes
998 1251 1030 1297 in
1046 1253 1153 1309 Ennen,
1167 1249 1230 1311 lupi·

147 1319 296 1379 lnptismnrn
304 1319 424 1365 lobannis
432 1319 516 1376 renit3
526 1320 556 1364 nt
565 1318 674 1376 praenit-
696 1317 764 1364 rabat
777 1317 849 1374 juxta
865 1318 966 1377 salim,
987 1321 1038 1367 ulti
1057 1322 1117 1369 erat
1133 1330 1229 1381 spur!

147 1391 183 1435 tat
192 1388 363 1447 poenitentiam
369 1387 515 1435 delictorum
526 1399 534 1433 t
545 1388 571 1433 et
581 1386 607 1432 in
616 1397 674 1444 pro·
697 1384 858 1442 abundantia,
875 1386 1025 1434 duodecim
1035 1388 1138 1449 tontes,
1152 1390 1178 1437 et
1188 1399 1230 1450 η·

148 1471 219 1506 sessu
234 1456 354 1515 paulatim
365 1456 409 1503 nbi
422 1458 523 1515 peecata
538 1466 583 1501 sna
597 1453 675 1500 dede-
697 1454 805 1512 tnaginta
815 1455 962 1501 Palmamrn
974 1457 1098 1506 arbores.

148 1525 331 1585 rertt,spiritali
337 1523 674 1585 ablutalnptismate,cl1risti
726 1520 766 1566 Ἠ.
782 1522 831 1567 llos
848 1521 935 1569 tontes
952 1523 1043 1572 habet
1059 1525 1184 1582 Ecclesia,
1195 1522 1229 1571 bt

148 1595 239 1653 accipit
252 1595 441 1639 sacramentnm.
456 1592 526 1637 lJnde
540 1591 640 1636 ridetur
649 1592 675 1636 et
698 1590 751 1646 est,
771 1589 798 1635 in
815 1589 898 1636 veteri
918 1591 1098 1642 Testamento
1118 1591 1229 1642 duodo&

147 1664 176 1710 in
187 1661 291 1708 canticis
307 1661 456 1706 cantieorum
465 1660 574 1706 Beelesia
585 1658 676 1718 predi·
697 1657 861 1714 patriarchas,
872 1657 900 1705 et
914 1658 942 1704 in
951 1672 1028 1708 novo
1039 1662 1173 1710 duodecim
1185 1672 1230 1720 epe

148 1731 215 1787 cari,
229 1728 271 1776 eni
282 1727 391 1776 dieitur:
404 1729 452 1776 cor
464 1730 571 1774 nestum
581 1727 674 1786 cepisti,
698 1727 779 1774 stolus.
791 1728 899 1787 Ideoque
911 1729 1021 1779 dietum
1036 1734 1078 1780 est
1089 1736 1139 1780 :lo
1147 1732 1231 1780 w

148 1812 217 1848 seror
226 1811 279 1844 eree
288 1799 394 1856 Sponsa,
412 1809 454 1842 eor
472 1798 579 1842 nestum
597 1797 676 1855 cepisti
699 1795 856 1843 Mem
865 1799 1009 1846 minium
1021 1799 1231 1859 Dandetmlh

148 1881 197 1915 ano
209 1867 239 1914 ol
249 1866 319 1913 sende
329 1867 389 1924 tnl23
403 1864 487 1911 ntiste
498 1865 583 1911 oculus
592 1864 676 1922 gratiae
698 1865 779 1912 lsrael.
800 1865 844 1912 llis
861 1864 984 1914 lentibus
1004 1869 1069 1916 ante
1091 1868 1231 1930 pertundit

149 1932 407 1995 semichristiani
418 1931 555 1992 pleniorem
568 1931 677 1992 adquisi-
698 1932 944 1992 quicumquecnristi
952 1938 1088 1995 mysteria
1096 1935 1231 1986 sacrem

149 2005 361 2055 reritcaritatem.
699 2001 870 2060 consepultum
881 2002 925 2048 isti
935 2005 1013 2050 enirn
1023 2004 1232 2053 sontesexaetenr
1258 2014 1263 2037 ¹

181 2074 223 2121 20.
244 2072 358 2130 Plerique
376 2070 461 2116 temen
478 2068 595 2115 hocloco
611 2067 676 2112 acei-
700 2068 767 2117 tonte
782 2071 926 2130 manantes,
944 2073 1006 2121 toto
1025 2075 1092 2122 orbe
1110 2073 1230 2122 fluxere!-

151 2143 225 2206 pinnt
235 2142 296 2189 duos
311 2139 394 2186 oeulos
405 2136 518 2184 Ecclesiae
528 2148 536 2182 t
546 2148 624 2183 nnnrn
634 2135 675 2194 qui
699 2136 746 2183 Ubi
763 2137 805 2184 isti
821 2138 918 2197 lentes,
937 2139 980 2186 ibi
1001 2143 1139 2191 adscensio
1154 2144 1232 2190 anin-

150 2212 255 2273 mystiea
264 2208 361 2266 rideat3
379 2207 484 2254 alterum
499 2205 543 2265 qui
557 2204 675 2263 moralia3
699 2217 763 2252 rum.
778 2206 892 2265 Denique
901 2206 987 2254 Salim
997 2208 1231 2270 interpretationem,

151 2296 183 2331 eo
192 2280 257 2341 quod
265 2280 348 2326 saneta
357 2276 465 2323 Ecclesia
475 2287 525 2321 non
535 2275 613 2321 solum
624 2287 677 2321 mo-
699 2273 778 2331 lpsum
804 2276 997 2324 adscendentem.
1027 2279 1077 2326 Ille
1100 2280 1167 2326 enim
1183 2288 1231 2327 rere

151 2351 242 2399 ratium
255 2344 340 2393 teneat
358 2343 525 2402 disciplinam,
542 2341 676 2389 sedetiam
700 2343 838 2402 adscendit,
856 2344 901 2403 qui
917 2346 1030 2405 propria
1048 2350 1154 2406 peecata
1169 2349 1231 2408 depo·

151 2417 261 2468 eoelestis
269 2415 356 2462 doceat
367 2412 462 2459 secreta
475 2411 596 2470 mysterii.
607 2411 676 2457 t'mle
700 2410 746 2456 nit.
754 2411 805 2458 lloe
813 2411 888 2470 igitur
896 2413 979 2460 verbo
987 2410 1230 2473 purificatoriae!-

151 2488 246 2536 dietnm
264 2484 301 2531 est
316 2482 347 2529 de
363 2494 392 2529 ea
408 2495 415 2526 τ
432 2482 498 2529 Oculi
513 2481 548 2527 tul
560 2481 619 2526 sieut
638 2494 677 2526 co·
700 2479 840 2527 tilieationis
847 2492 907 2526 usus
915 2483 1089 2542 exprimitur,
1097 2485 1230 2533 undeetin

152 2556 327 2610 lumloe,extra
336 2552 516 2597 taciturnitatem
526 2549 678 2606 summoned
702 2549 765 2594 bene
774 2547 914 2594 incantieis
923 2549 1047 2599 Christus
1056 2554 1120 2602 dicit
1127 2554 1230 2601 adeste

153 2626 179 2670 et
196 2620 339 2680 spiritaliter
353 2618 450 2674 videat,
466 2618 490 2660 et
504 2628 547 2660 noi
553 2617 601 2661 erit
615 2619 678 2661 tem·
701 2616 760 2663 siam
774 2619 875 2663 :Dentes
895 2619 932 2663 tui
947 2621 1016 2667 sicut
1033 2635 1096 2680 prex
1107 2626 1228 2679 tensam,

156 2701 199 2751 pus
214 2686 310 2734 tacendi
319 2696 385 2741 esse,
402 2685 427 2729 et
441 2685 537 2741 tempus
548 2684 677 2741 lomnendi3
702 2699 752 2745 puoe
762 2687 927 2732 adscenderunt
939 2700 955 2731 a
967 2689 1091 2749 laesero,
1107 2704 1157 2750 pnoe
1167 2702 1230 2737 om

152 2760 182 2803 ut
190 2757 330 2813 intempore
339 2752 677 2810 sermonemsnumproterat,
701 2755 805 2813 pernellos
816 2756 908 2809 creant,
923 2756 945 2800 et
956 2756 1106 2815 infoeeundo
1116 2772 1162 2805 non
1175 2758 1229 2805 ets

152 2839 185 2873 ne
209 2822 394 2883 importunitate
415 2819 531 2881 loquendi
551 2823 677 2879 peecatum
701 2825 741 2868 eis.
750 2822 819 2878 Quod
828 2822 910 2881 specie
920 2823 1001 2872 tenus
1011 2827 1045 2874 de
1055 2828 1139 2888 capris
1147 2828 1228 2884 dieitur,

152 2893 229 2953 possit
240 2892 374 2937 incurrere.
702 2892 803 2950 mystice
814 2892 897 2937 autem
908 2893 940 2938 de
952 2893 1081 2942 Ecclesiae
1093 2910 1173 2957 grege.

183 2962 222 3008 m.
233 2960 313 3007 llabet
323 2971 379 3018 ergo
388 2957 471 3004 oenlos
481 2956 598 3003 columbae
609 2956 679 3002 adsi·
731 2961 770 3007 25.
782 2963 830 3007 n'ec
844 2960 904 3006 vilia
915 2962 964 3008 tibi
979 2965 1123 3015 videantur
1133 2968 1177 3014 ista
1184 2965 1229 3013 anl-

154 3027 321 3077 mllitudinem
337 3026 439 3082 Clrristi3
457 3023 513 3083 qnia
532 3025 557 3070 et
575 3023 605 3068 de
626 3024 678 3082 ipso
702 3028 974 3087 matia.lleniqueandi
986 3045 1049 3091 quae
1057 3035 1091 3082 de
1103 3036 1228 3083 hissanctus

154 3100 246 3146 lectum
257 3097 295 3143 est
306 3108 313 3141 ε
327 3096 392 3143 Oculi
403 3097 437 3141 tut
446 3096 503 3140 sicul
514 3091 624 3139 colombeo
639 3107 679 3138 su·
702 3099 810 3157 loquitur
820 3097 925 3155 Spiritus
936 3111 943 3143 τ
956 3101 1166 3160 Capillementum
1177 3108 1228 3151 tm

152 3181 195 3228 per
206 3166 374 3213 abundantiam
383 3175 499 3221 assereres
511 3162 562 3207 letoe
573 3163 597 3206 in
606 3161 663 3205 lacte
669 3192 677 3216 ,
702 3168 727 3212 et
742 3179 800 3224 pres
808 3178 951 3224 caprarum,
970 3182 1030 3227 puoe
1049 3173 1228 3218 reeelntoesmte

154 3237 250 3285 sedentis
264 3246 333 3292 super
345 3232 518 3290 plmttedioem.
534 3228 642 3286 Baptizat
652 3227 678 3272 in
701 3237 778 3280 monte
789 3235 888 3281 calaad,
898 3237 990 3284 Dentes
1007 3241 1045 3285 pm·
1058 3244 1087 3287 up
1097 3256 1156 3300 qm
1166 3245 1229 3289 (Μ.

154 3302 217 3349 laete
233 3299 362 3355 Dominus,
380 3298 471 3354 idest,
488 3298 514 3343 in
529 3296 677 3342 sinceritate.
701 3304 1045 3362 rum‚quoeedscenderuntd0
1055 3308 1228 3357 rapueram

155 3369 184 3415 et
192 3367 232 3414 isti
239 3365 599 3425 suntquiverebaptizanturin
607 3366 678 3424 laete,
702 3369 767 3429 quod
777 3370 802 3414 in
813 3369 869 3414 altis
877 3382 939 3427 grex
954 3370 1008 3420 iste
1022 3376 1153 3436 pascitur,
1164 3376 1228 3424 audax

154 3435 197 3496 qui
209 3435 262 3481 sine
272 3434 326 3480 dolo
338 3433 454 3489 eredunt,
466 3433 492 3478 et
506 3445 590 3490 puram
606 3433 678 3479 fidem
702 3439 727 3483 in
739 3438 829 3485 monte.
844 3439 929 3496 ltaque
945 3440 993 3486 nbi
1014 3445 1075 3492 aliis
1090 3445 1227 3504 praemisa,

154 3503 280 3561 deterunt,
292 3501 320 3547 ut
331 3500 509 3546 immaculatam
518 3500 619 3546 induant
628 3514 679 3559 gra·
703 3507 736 3552 ibi
748 3506 826 3566 capris
840 3506 937 3551 nullum
955 3511 1107 3565 pericnlum
1117 3528 1125 3560 t
1134 3515 1175 3561 nbi
1185 3513 1229 3560 aliis

153 3573 222 3620 tiam.
234 3571 291 3618 ldeo
302 3569 404 3617 candida
415 3568 505 3629 Sponsa
512 3570 638 3616 adscendit
649 3572 678 3617 ad
703 3575 850 3635 perieulum,
860 3574 894 3620 ibi
906 3576 1079 3638 gregishujus
1087 3584 1228 3639 alimentnn,

154 3640 290 3697 Christum3
304 3638 361 3699 quia
371 3639 398 3685 in
415 3639 478 3685 laete
495 3639 614 3697 baptizata
632 3642 677 3687 est.
702 3643 737 3689 ibi
753 3643 823 3690 cibus
841 3642 948 3700 dulcior,
964 3644 1005 3692 ibi
1018 3648 1121 3698 fruetus
1132 3651 1227 3698 electior.

155 3711 212 3758 ldeo
222 3709 341 3755 mirantur
353 3720 407 3755 eam
418 3709 527 3755 Virtutes
537 3710 562 3755 et
571 3709 678 3754 Potesta-
702 3711 847 3770 Spectentur
857 3723 871 3757 a
881 3712 1025 3770 pastoribus
1035 3718 1090 3764 suis
1101 3720 1197 3766 dumosa
1205 3716 1229 3763 de

154 3777 337 3837 tes,dieentes:
345 3779 400 3838 Quoe
411 3779 443 3824 est
451 3776 499 3823 ltoee
507 3789 557 3836 quse
566 3778 678 3824 odscmodlt
702 3792 763 3839 rupe
774 3781 908 3839 pendentes
920 3793 927 3825 t
939 3781 976 3827 ibi
990 3784 1113 3844 luporum
1133 3789 1228 3834 inenrsns

155 3845 281 3895 dealbata?
296 3847 357 3893 Ante
373 3845 500 3905 paululum
511 3845 621 3903 dicebat,
637 3847 680 3891 Ni·
703 3860 814 3894 essenon
826 3848 939 3907 possunt,
952 3848 988 3895 ibi
1006 3851 1135 3902 toeenndae
1145 3856 1228 3902 arbore

155 3929 265 3975 pressos
281 3929 289 3960 ε
305 3926 369 3960 nune
388 3913 498 3960 dealbata
514 3913 635 3972 cernitur,
654 3916 679 3961 et
703 3916 808 3963 fructum
826 3917 949 3976 integrum
964 3919 1171 3970 subministrant.
1182 3923 1227 3968 cer·

155 3982 280 4029 adscendit
300 3983 331 4029 ad
351 3982 457 4037 eoelum,
479 3982 504 4028 et
526 3981 610 4027 innixa
632 3984 678 4029 Dei
703 3997 761 4031 nere
779 3983 837 4031 lieet
853 3985 924 4032 uheri
945 3985 1014 4034 lecte
1027 3990 1151 4038 distentas
1166 3998 1226 4047 supet

156 4048 250 4106 Verbo,
265 4049 314 4095 elta
327 4050 377 4106 jam
393 4049 513 4108 penetrat.
529 4050 577 4096 Nee
591 4050 679 4098 imme
702 4053 811 4100 teneram
823 4052 929 4100 sobolem
938 4055 1055 4105 materna
1067 4071 1162 4118 presure
1171 4056 1226 4104 solli·

154 4115 678 4178 rltoillieaquarumalrundantiaubiClrrls·
703 4120 770 4168 citas.
790 4121 847 4170 ldeo
867 4121 941 4180 elegit
953 4132 996 4171 eas
1016 4124 1128 4186 Spiritus
1144 4126 1226 4175 emm
