2752 4784
228 391 273 440 25&
623 387 742 432 SANCTI
758 385 917 431 Autonoen

227 476 274 534 ipse
281 475 315 520 cst
323 474 401 532 iroupo
411 473 455 519 lici
470 466 587 518 invisibilis
593 499 601 525 ,
611 468 752 528 minocent-
777 478 827 514 nou
836 467 872 514 est
883 466 1008 523 diversus,
1019 462 1133 513 sedunus
1145 462 1184 510 est
1193 459 1306 522 spirltum,

227 545 264 588 les
283 543 358 588 ouran
374 541 501 593 memore,
510 539 535 583 iu
549 548 596 595 quo
605 538 687 583 creole
699 537 753 582 suot
777 532 893 581 dividens
898 545 988 593 uenere
994 531 1092 580 diversa
1097 530 1234 579 virtutum.
1240 529 1305 576 Uolo

228 611 307 655 omna
318 610 342 654 in
353 607 476 654 celestium
487 607 509 652 et
520 606 544 650 iu
553 606 616 651 terro
622 633 632 659 ,
641 605 687 650 stoc
696 605 752 651 oisi-
776 612 826 647 uon
837 601 941 648 dubium
954 599 1035 648 videri
1049 599 1139 656 debet,
1151 599 1174 645 si
1184 597 1243 644 aliis
1253 608 1304 645 rer·

228 676 352 732 intimatos
361 673 499 730 invisibilia,
509 672 694 731 sessaunico
704 674 753 719 Du-
776 669 837 715 trum
848 669 1023 728 apostolicum,
1041 667 1098 715 aliis
1117 666 1305 726 propheticum,

226 747 378 802 mucosus,
397 745 443 792 sire
463 744 628 802 Prmciputur‚
648 744 694 790 stoc
705 745 752 789 Po·
776 737 832 784 aliis
851 737 1035 796 evangelicum,
1049 735 1106 784 aliis
1122 734 1230 797 uerbum
1249 745 1317 792 ope·

227 814 333 870 ustum,
350 814 430 860 omniu
445 825 488 872 poc
511 811 589 870 poce
612 811 635 857 ct
652 811 678 858 to
702 812 752 869 ipse
776 805 894 853 raterium
915 806 998 854 datum
1019 807 1070 863 est3
1086 804 1113 853 et
1127 803 1216 850 tamen
1230 813 1305 850 uuum

227 883 382 929 creuissent.
399 879 479 926 Unum
489 878 527 925 est
539 877 616 936 igitur
628 877 752 935 Verbum,
777 875 815 922 est
832 876 937 923 uerbum
955 875 1069 924 urridens
1087 885 1114 922 oe
1139 871 1247 930 siugulis
1263 882 1304 930 pro

227 949 292 1009 quod
306 948 419 1009 operatur
438 947 466 993 iu
483 946 586 1005 ungulis
596 959 604 991 c
616 946 709 993 etcum
726 946 752 994 iu
775 944 857 993 nostra
865 946 1042 1003 possibilitate,
1052 944 1150 1002 relpro
1160 953 1206 989 sua
1217 941 1304 990 rotun·

226 1018 327 1077 singulis
345 1015 474 1076 operatur,
491 1014 606 1073 operatur
625 1013 707 1061 omnia
725 1014 752 1064 iu
776 1012 836 1058 teria
858 1013 979 1072 largitate.
1005 1013 1056 1059 Hoc
1083 1010 1194 1058 Verbum
1215 1007 1305 1067 icitur,

227 1085 349 1132 omuibus.
367 1086 418 1131 lloc
439 1083 549 1131 Verbum
566 1082 666 1129 unicum
687 1082 752 1141 apud
776 1081 841 1141 quod
855 1082 893 1128 est
906 1084 980 1142 caput
996 1081 1119 1137 omnium,
1132 1079 1176 1126 hic
1192 1089 1240 1138 per
1253 1087 1305 1136 spe

227 1156 322 1203 Patrem
336 1167 363 1202 se
377 1153 475 1201 diffudit
484 1153 511 1199 in
520 1153 641 1212 plurima3
652 1152 711 1212 quia
720 1152 751 1199 de
776 1150 1121 1212 culumvide03etideorerlra
1128 1145 1305 1195 hiccustodire

227 1224 381 1284 plenitudiue
408 1222 462 1281 eius
491 1233 576 1269 omnes
603 1222 751 1280 acecpimus.
775 1230 825 1266 non
835 1232 955 1278 possum:
971 1219 1081 1266 sedcum
1097 1215 1187 1264 uidero
1202 1213 1304 1274 utorium>

227 1294 312 1353 ltaque
333 1292 355 1340 si
373 1292 458 1340 rideas
468 1291 564 1350 singula
577 1289 687 1336 omnium
698 1302 753 1350 quae
777 1287 945 1344 ejusreuelata
953 1287 1032 1345 lactc,
1041 1285 1101 1332 tune
1110 1283 1209 1343 visam,
1219 1282 1246 1330 et
1254 1280 1301 1332 uita

227 1363 309 1410 create
320 1361 379 1409 sunt
389 1361 416 1407 iu
425 1361 492 1420 ipso,
503 1359 599 1406 videbis
610 1358 638 1404 in
648 1358 752 1418 siugulis
775 1357 863 1405 vivens
876 1357 951 1405 etiam
961 1356 1037 1405 verita
1048 1353 1134 1402 diviua
1144 1351 1290 1400 custodian

226 1431 416 1478 unumverlrnm
427 1441 480 1476 esse
491 1427 615 1484 omnium,
630 1427 752 1486 cutuspro
804 1426 845 1473 22.
862 1427 920 1474 ideo
938 1437 995 1485 ergo
1012 1422 1120 1473 secundo
1138 1433 1217 1470 uersu
1226 1418 1300 1468 dicitt

227 1500 300 1559 captu
319 1499 402 1546 nostro
419 1497 553 1557 participes
568 1507 661 1542 sumus
672 1496 700 1542 lu
712 1507 751 1542 me
775 1493 878 1554 Actupcri
889 1496 967 1544 omloc
981 1507 1057 1551 mcor,
1067 1494 1090 1540 ct
1098 1489 1250 1541 coauderulro
1258 1490 1302 1537 sri-

227 1567 330 1613 verbum
346 1566 383 1613 est
401 1565 550 1621 humanum,
566 1562 610 1610 sod
625 1563 752 1622 Apostolus
776 1564 862 1612 rutilio
874 1566 901 1612 dc
916 1566 962 1623 lopo
978 1566 1029 1610 luo.
1047 1561 1096 1620 Qui
1115 1557 1243 1619 adaperiri
1256 1556 1300 1606 sot

226 1635 352 1682 succurrat
362 1633 388 1681 et
397 1633 463 1680 ‹lrcat
473 1645 480 1677 =
491 1634 553 1678 Puto
564 1633 586 1678 ct
594 1644 635 1691 coo
645 1633 753 1690 spirltum
776 1634 858 1683 oculos
865 1633 1030 1694 petitusque
1038 1631 1064 1679 ot
1072 1629 1172 1690 gravam
1177 1626 1299 1688 moinus

226 1704 271 1749 Det
282 1702 369 1760 luteo,-
383 1701 409 1747 in
420 1701 469 1747 alio
480 1699 585 1746 verbum
600 1699 715 1757 cmleste,
727 1700 753 1746 et
776 1704 860 1763 Neque
878 1705 945 1751 enim
957 1701 1082 1749 medicum
1096 1698 1184 1759 rogat,
1194 1696 1246 1745 nisi
1261 1695 1302 1756 qul
1317 1730 1321 1738 .

226 1771 330 1818 verbum
347 1770 495 1830 Angelorum
515 1768 542 1814 in
560 1767 687 1828 plerisque
705 1769 751 1815 est.
776 1773 914 1820 remedium
924 1770 1066 1833 egritudini
1077 1780 1128 1816 snae
1138 1767 1228 1827 puscit.
1239 1763 1300 1812 uicit

226 1836 752 1899 Suntquihabeutuerbanominetionum
776 1852 834 1900 ergo
851 1841 899 1889 iste
918 1840 949 1888 acl
968 1839 1094 1887 medicum
1112 1835 1259 1884 uenientem
1272 1832 1301 1881 le

226 1905 752 1966 etPotestatum‚verhumiustttias,verbum
777 1911 837 1957 coelo
849 1923 855 1956 :
866 1911 969 1971 Aoopcri
985 1910 1064 1956 occulos
1072 1919 1145 1954 orem.
1158 1900 1302 1965 &imbutus

226 1974 633 2037 castitatis,verlrumprudeutias,
650 1974 752 2021 verbum
776 1979 814 2024 est
828 1979 925 2036 oculus,
941 1977 1016 2025 tacile
1031 1976 1100 2023 dolor
1110 1973 1195 2022 ommis
1206 1970 1301 2021 sedatur

188 2047 197 2063 ‘
225 2045 340 2106 pietatis,
362 2045 468 2094 veritum
489 2044 565 2090 etiam
582 2042 690 2090 unctis.
712 2040 752 2088 Sic
776 2047 894 2103 collyrio:
907 2047 946 2094 sin
961 2057 1023 2094 vero
1044 2044 1110 2090 actos
1121 2041 1178 2100 ejus
1195 2038 1300 2089 huncum

226 2125 304 2160 unum
318 2114 422 2161 verbum
438 2112 517 2160 multa
536 2111 611 2170 suut,
631 2110 658 2157 et
674 2110 753 2157 multa
776 2115 907 2163 suffusione
921 2112 1081 2174 protexitur,
1091 2111 1187 2170 majora
1196 2107 1301 2159 remudis

225 2183 301 2230 verba
309 2194 388 2229 unum
398 2181 465 2229 sunt.
475 2182 526 2228 llec
533 2191 594 2228 vero
601 2178 706 2226 arduum
715 2179 753 2226 est
776 2184 926 2242 quaernntur.
935 2183 976 2231 Est
986 2194 1044 2241 ergo
1052 2181 1117 2230 sicut
1126 2180 1155 2228 in
1166 2178 1244 2228 oculis
1254 2188 1302 2226 coc

226 2251 290 2300 istud
308 2251 439 2310 aestimeri3
464 2262 521 2298 cum
541 2248 674 2308 legerimus
693 2248 752 2308 qnia
776 2251 854 2311 poris,
867 2244 1300 2304 itastiaminucnltsauimaeltuius·

226 2321 397 2380 omniapotest
407 2317 659 2380 Spiritussapientiae.
776 2321 841 2367 modi
852 2320 964 2380 quaedam
974 2319 1070 2380 passio,
1080 2329 1136 2378 quas
1152 2312 1301 2376 ingruescal

255 2388 294 2435 tt.
310 2389 395 2448 ltaque
408 2387 472 2436 sicut
482 2386 525 2434 alii
538 2387 611 2434 datur
619 2398 664 2444 per
673 2385 752 2446 Spiri-
775 2401 874 2437 necesse
890 2389 940 2449 est3
956 2388 1006 2436 nisi
1022 2389 1100 2435 bonum
1115 2381 1300 2433 meutcmusls

125 2493 129 2498 .
225 2457 278 2505 tum
296 2468 376 2504 sermo
394 2455 535 2516 saptentiae,
558 2454 584 2501 et
607 2454 652 2502 alii
672 2467 751 2502 sermo
776 2457 900 2504 meniltnd
911 2455 1302 2514 montemepssulanum·-

225 2525 478 2573 scieutiaesecundum
495 2523 610 2570 eumdem
620 2522 751 2581 spiritum,
776 2526 831 2573 dam
842 2524 950 2573 concreti
961 2525 1083 2582 humoris,
1096 2535 1155 2582 qnae
1168 2518 1301 2580 impedires

225 2595 269 2640 alii
285 2593 345 2640 fides
364 2593 390 2640 iu
410 2594 497 2641 eodem
505 2592 609 2651 spiritu,
621 2592 664 2638 alii
674 2592 751 2651 gratia
776 2595 816 2643 rel
827 2594 908 2654 potius
919 2595 1069 2654 operire,ne
1076 2591 1163 2641 uideat
1170 2602 1227 2650 quse
1233 2587 1299 2637 vide·

225 2661 378 2709 curationum
388 2662 415 2709 in
425 2673 475 2708 uno
481 2661 580 2720 spiritu,
589 2661 636 2708 alii
641 2661 751 2720 operatio
776 2664 830 2722 bat,
837 2664 1066 2712 mentisaestimatur
1072 2661 1197 2709 obtutum.
1203 2657 1300 2718 lrrepsit

224 2729 358 2789 virtutum,
371 2731 414 2777 alii
425 2730 526 2790 spiritus
537 2729 696 2789 cognitionis,
707 2730 750 2776 alti
775 2731 893 2791 aegritudo
903 2731 984 2778 ueteri
994 2730 1129 2790 terment03
1142 2740 1173 2776 so
1181 2726 1246 2788 quud
1255 2736 1300 2773 uon

225 2798 327 2858 spiritus
342 2799 438 2846 consilii
449 2799 581 2859 plenioris,
596 2798 640 2845 alit
652 2797 752 2858 spiritus
777 2800 890 2847 exuimus
908 2801 950 2847 vel
970 2800 1102 2859 gentilem,
1118 2799 1162 2846 rel
1176 2794 1301 2844 Juuaicm

226 2867 752 2930 tortitudinis,aliipietatisspiritus3tamen
776 2868 948 2927 suffusionem,
963 2880 1021 2916 curn
1036 2868 1144 2928 prinum
1162 2866 1304 2915 venum

225 2938 251 2983 in
269 2936 382 2983 omnihus
400 2947 465 2984 unus
483 2936 556 2995 atque
572 2936 641 2984 idem
651 2937 752 2996 spiritus
777 2936 807 2983 ad
817 2936 951 2984 Ecclesiam
962 2949 969 2981 ε
980 2933 1302 2983 nouauuivimusetdocsu·

225 3005 279 3065 est,
295 3004 408 3054 dividens
425 3005 530 3065 singulis
547 3004 621 3065 prout
636 3005 700 3054 vult.
711 3007 753 3065 Est
777 3007 827 3054 torn
841 3006 900 3053 honi
913 3006 1005 3054 medici
1020 3005 1197 3066 disciplinam:
1213 3005 1303 3064 Em

224 3073 324 3134 spiritus
338 3075 528 3135 prophetarum,
538 3075 563 3122 et
576 3073 680 3134 spiritus
695 3086 754 3134 apo-
776 3075 1143 3124 lientesvetcremtomiucmcum
1153 3072 1302 3128 metuas,

224 3144 355 3191 stolorum:
365 3143 403 3192 cst
416 3144 492 3192 etiem
502 3143 625 3191 urtiticum
636 3143 751 3203 spiritus,
776 3147 952 3192 induitcrrosum
958 3143 1300 3204 ‚petreoovolurtnupss'ltom‚

225 3213 288 3261 siout
298 3213 325 3261 et
338 3214 449 3260 Beseleel
458 3212 483 3260 et
494 3212 578 3271 Ollab,
589 3223 650 3272 quos
659 3211 753 3270 imple·
776 3213 899 3260 secundum
909 3213 1035 3271 imopinem
1045 3212 1095 3269 eius
1104 3211 1301 3270 puicrcostteun.

224 3281 262 3328 vit
281 3282 400 3328 Dominus
417 3281 510 3340 Spiritu
520 3281 605 3329 divino
624 3279 752 3339 sapientiae
776 3280 956 3338 supervestivit
971 3292 1028 3339 ergo
1044 3292 1070 3327 se
1081 3279 1185 3339 aliquis,
1195 3290 1245 3326 non
1259 3287 1302 3326 ed·

225 3346 388 3405 studentior,
399 3348 424 3394 et
434 3347 512 3395 omnis
522 3347 581 3395 artis
588 3360 595 3405 3
603 3347 632 3394 ut
642 3347 753 3395 tacerent
776 3343 1302 3408 sportam:serpitgravtoraegrituuo,crarst

224 3413 751 3473 amictumet'iabernecnlum,atquealtare
776 3416 1152 3476 oculosdiutnrnumvelamen3
1163 3413 1303 3477 noupotest

225 3482 359 3529 secuudum
368 3495 465 3530 sensum
471 3495 546 3542 quem
553 3481 751 3543 dedttlrislieus3
776 3485 905 3545 qmsqnam
919 3486 983 3535 illud
992 3485 1088 3534 auterre
1098 3518 1106 3544 ‚
1117 3497 1168 3532 uon
1178 3485 1302 3545 iugum,

225 3548 268 3595 sed
284 3549 359 3596 etiam
375 3551 471 3598 caeteris
486 3550 639 3610 sapientibus
657 3551 752 3598 intelli·
776 3564 825 3600 non
840 3554 965 3614 Virtutes,
981 3567 1030 3602 uon
1044 3553 1243 3613 nominationes,
1255 3563 1302 3601 non

224 3629 295 3677 gere,
306 3617 333 3665 et
343 3617 424 3666 lacere
434 3619 516 3666 omnia
525 3630 601 3678 opera
617 3618 751 3668 secundum
775 3621 918 3670 Potestates.
936 3624 1017 3670 llanet
1032 3623 1147 3670 uelamen
1162 3623 1242 3683 illud,
1252 3623 1302 3670 lec·

225 3687 367 3747 omniaque
377 3689 493 3736 Dominus
503 3688 649 3748 imperabat.
667 3690 751 3750 ltaque
776 3690 868 3738 tionem
874 3691 986 3752 impedit,
993 3690 1113 3740 visionem
1118 3687 1302 3753 obducit3qnod

225 3756 336 3804 lecerunt
346 3768 456 3816 quaeuou
464 3756 617 3817 didicerant,
626 3770 674 3806 uec
681 3759 752 3806 vide·
776 3771 825 3806 non
840 3761 978 3819 revelatur,
999 3760 1081 3820 inquit
1096 3761 1240 3820 Apostolus,
1256 3761 1302 3807 lroo

225 3825 292 3885 rant,
310 3823 446 3873 secundum
464 3837 493 3872 ce
513 3839 568 3886 quae
588 3824 630 3874 hie
646 3827 751 3887 Spiritus
777 3828 827 3887 est,
838 3840 852 3874 a
862 3840 1017 3888 quocumque
1031 3829 1094 3888 alio,
1108 3830 1157 3876 nisi
1168 3829 1195 3877 in
1205 3826 1301 3877 dutum

225 3892 414 3942 demonstrabat.
440 3894 469 3940 lit
496 3894 620 3955 plerisque
652 3897 752 3944 uidetur
776 3896 853 3944 fuerit
863 3898 1016 3945 evacuatum.
1027 3898 1086 3944 curn
1101 3905 1302 3947 verocourorsus

224 3963 287 4011 alius
300 3963 465 4023 apostolurum
481 3963 597 4023 spiritus,
613 3961 676 4011 alius
693 3977 752 4024 pro-
777 3964 915 4023 hujusmodi
926 3964 1001 4013 tuerit
1010 3966 1041 4014 ad
1049 3965 1197 4025 Dominum,
1208 3965 1301 4013 aufere·

224 4028 370 4092 poetarum,
383 4032 408 4081 et
417 4031 528 4082 diversus
540 4032 566 4079 in
575 4032 692 4092 singulis:
707 4034 749 4082 sed
776 4036 816 4081 tur
827 4034 947 4082 velamen.
