2760 4794
321 310 363 382 ‚lu
378 313 540 359 nselmum
553 313 679 359 XXXVII
693 312 898 359 unianimo,
1122 303 1168 354 413

80 385 177 441 nimici
185 384 240 451 eius
247 389 381 442 vanitatem
390 394 468 443 locuti
477 392 534 443 suut
536 406 612 454 ,quo
642 391 749 452 affectu
742 407 749 421 ·
760 393 796 442 ita
807 406 864 452 erqo
871 393 897 442 et
903 390 933 442 tu
939 390 960 441 si
967 391 1058 440 babeas
1067 402 1116 453 quo
1126 402 1169 437 re-

80 457 149 507 m'am
160 458 225 508 nihil
235 461 301 522 quod
309 475 354 523 pro
365 463 470 511 veritate
481 463 612 523 loquereu·
637 449 741 522 darquas
752 463 908 520 arguentem,
918 460 1008 507 melius
1019 459 1126 517 tacebis,
1135 469 1168 504 ue

80 526 139 588 tur,
156 528 305 578 invenerint.
324 532 373 579 dut
391 533 472 592 certe,
492 533 550 592 qula
565 529 612 579 etsi
637 528 803 590 redarguendi
825 526 997 576 vicissitudine
1026 526 1170 574 commotio·

80 596 197 655 peccari,
209 596 291 645 tamen
302 600 402 658 peccata
412 611 467 646 mea
475 599 613 660 poeniteudi
637 609 694 644 uem
705 598 773 644 tuam
784 596 881 675 prodas.
892 595 981 643 uanus
991 594 1029 641 est
1038 592 1106 640 euim
1117 591 1169 640 dis-

81 663 166 713 doloro
176 668 320 727 purgabam.
334 670 363 715 lu
376 682 425 728 quo
437 669 475 715 illi
489 681 546 716 cum
557 668 613 716 dolo
637 666 753 714 simulare
769 665 900 723 iujuriam,
921 675 995 724 quam
1011 674 1068 710 cum
1084 661 1170 719 redar-

81 735 391 795 mecumloquebantur3ut
398 749 438 783 me
445 736 613 796 obiurgatione
638 736 701 795 quis,
709 734 844 783 vindicare,
855 735 937 781 Bonus
946 733 1038 790 mutus,
1048 743 1092 792 qur
1085 729 1170 789 'loqui

81 801 277 862 contunderent,
296 802 322 849 et
338 815 353 849 a
365 804 525 850 conversione
541 816 614 853 revo-
637 806 702 851 male
711 803 799 862 uescit,
811 803 891 861 cuius,
903 815 936 850 ex
943 813 985 849 ore
996 801 1091 848 crimen
1098 799 1169 847 exire

82 869 174 917 carent.
190 870 219 916 lit
230 869 288 917 ride
300 880 333 917 ue
345 870 392 916 boc
404 871 482 930 magis
498 872 613 932 senserit,
637 883 687 918 nou
696 871 775 929 norit.
788 870 834 917 llic
850 869 889 921 est
899 869 983 918 mutus
996 881 1056 916 rere
1071 867 1169 925 beatus,

80 937 196 997 quaesisse
212 937 267 985 illos
277 940 341 985 mala
354 937 407 995 ejus
419 951 425 984 ι
437 938 550 989 sedcum
562 941 615 988 vel·
637 941 680 1000 qui
696 953 753 987 cum
768 939 846 997 tacet,
864 939 931 986 iutra
945 951 972 986 sa
988 937 1106 997 loquitur.
1120 936 1170 984 Dc·

81 1007 134 1054 lent
142 1019 267 1067 accusare,
278 1009 429 1069 praeventos,
439 1010 555 1067 quoniam
560 1010 614 1056 rul-
637 1010 720 1057 miuus
728 1009 770 1056 dat
780 1008 843 1055 mibi
850 1010 962 1067 linquam
970 1005 1128 1064 eruditionis,
1139 1004 1170 1052 ut

13 1104 17 1111 -
81 1086 140 1122 uera
150 1077 255 1136 suaipse
266 1076 426 1138 patefecerat,
439 1079 477 1123 sul
488 1077 615 1123 accusator
637 1079 713 1126 sciam
726 1078 824 1138 qnando
835 1077 947 1136 oporteat
960 1088 1001 1122 ma
1017 1075 1100 1123 dicere
1116 1086 1170 1123 ser·

82 1143 210 1202 existens3
235 1143 261 1191 et
285 1144 342 1190 idco
373 1145 425 1191 rim
454 1143 615 1191 accusationis
637 1144 983 1204 monem'lalialoquebatur
997 1143 1063 1189 iutra
1080 1153 1108 1198 se
1122 1143 1169 1188 za-

82 1225 169 1260 corum
181 1227 235 1261 esse
247 1214 399 1260 annullatam
410 1214 520 1260 :locutos
531 1214 614 1260 autem
639 1215 743 1271 charius,
752 1225 808 1259 cum
819 1211 998 1258 obmutuisset:
1008 1210 1100 1257 etvere
1110 1210 1170 1268 quie

72 1280 236 1340 inumerare,
243 1295 299 1340 quae
306 1279 414 1328 coufcsso
421 1281 520 1340 culpam
526 1292 615 1327 uocare
639 1283 706 1341 loqui
717 1283 741 1328 ei
754 1293 803 1327 nou
820 1279 961 1339 profuerat,
970 1291 1002 1325 ue
1014 1278 1168 1337 loqueretur,

81 1361 133 1406 ram
144 1359 194 1394 non
202 1349 311 1406 possent
639 1346 777 1406 obmutuit:
789 1348 815 1394 et
823 1348 851 1393 ut
859 1345 1017 1406 loqueretur,
1034 1343 1170 1394 exauditus

113 1413 153 1462 ab.
161 1400 616 1474 lixclusiigituracriminationisinri-
639 1427 651 1462 a
670 1415 763 1462 Christo
787 1415 833 1462 est
852 1413 966 1471 Denique
985 1410 1084 1471 scripsit
1093 1406 1170 1470 quod

84 1482 135 1542 dia,
147 1481 229 1529 dolum
239 1482 402 1540 adhibebaut3
413 1484 442 1528 ut
450 1482 614 1540 insurgerent
639 1484 747 1530 Christus
758 1482 907 1530 exaudiret:
920 1480 946 1527 et
956 1492 1043 1529 vocem
1060 1478 1168 1538 recepit,

83 1551 175 1610 inquit,
188 1547 283 1596 etmihi
294 1550 456 1609 insultarent,
467 1562 562 1609 quomo
572 1549 615 1596 sti·
638 1566 710 1612 quam
721 1552 830 1599 Christus
838 1551 960 1598 indulsit·
954 1582 960 1596 .
973 1550 999 1597 et
1009 1549 1113 1609 gratiam
1124 1549 1170 1596 ad·

83 1620 210 1667 mutarent
225 1620 255 1666 ad
275 1619 382 1678 aliquam
403 1619 613 1666 commotionem:
635 1619 819 1678 iunxit.quam
836 1615 1059 1672 auteuouhabuit3
1070 1616 1099 1663 ut
1110 1628 1169 1677 pro-

83 1700 187 1748 quorum
197 1700 241 1748 ego
252 1688 335 1734 dolum
345 1687 442 1747 videns,
453 1689 515 1737 vetut
530 1689 614 1735 surdae
637 1687 752 1747 puetaret
760 1700 832 1744 eum,
841 1685 912 1743 cujus
922 1685 1042 1731 mandatis
1051 1685 1106 1732 autc
1119 1696 1170 1731 uon

84 1771 131 1804 riou
143 1758 275 1804 audiebam.
285 1756 475 1804 considerarim
485 1756 612 1804 sermonIs.
637 1756 751 1803 credidit.
762 1756 827 1814 Quid
838 1755 870 1802 de
882 1754 986 1808 Domino
998 1755 1107 1800 omnium
1117 1754 1169 1801 rir-

84 1826 137 1872 Non
148 1825 225 1884 dixit,
238 1826 297 1885 quia
307 1826 452 1873 simulabam
462 1837 511 1873 uon
519 1837 560 1872 me
571 1837 613 1871 au·
637 1825 718 1872 tutum
728 1824 826 1884 loquor,
836 1837 892 1871 cum
903 1824 995 1869 mulier
1003 1824 1111 1870 Susanna
1122 1835 1169 1871 uec

84 1893 138 1940 dire
150 1906 204 1952 quae
216 1893 327 1940 dicerent
338 1906 345 1939 ι
355 1893 399 1940 scd
416 1906 464 1940 uon
475 1893 612 1954 audiebam,
638 1906 712 1941 sexus
726 1894 870 1940 infirmitate
886 1893 1000 1951 turbata,
1016 1905 1073 1938 cum
1092 1905 1118 1940 se
1138 1893 1170 1940 a'd

84 1961 163 2020 maii,
172 1961 197 2008 et
207 1960 416 2020 quodiuteutiouc
427 1961 516 2006 mentis
527 1971 613 2008 vocem
637 1963 775 2023 periculum
793 1963 878 2009 mortis
893 1962 1008 2021 coguovit
1029 1961 1168 2021 addictam,

83 2031 385 2091 loquentis·excluderet;
397 2042 444 2076 uec
460 2029 569 2090 aperiret
586 2041 612 2074 os
637 2045 723 2080 vocem
735 2030 1052 2089 emiseriteAccusabatur,
1065 2031 1090 2076 et
1101 2030 1169 2078 iace.

83 2097 241 2157 suum,sieut
252 2099 343 2145 mutus.
363 2097 454 2144 Beatus
471 2098 515 2158 qui
533 2096 614 2156 potest
637 2101 693 2148 bat:
710 2100 884 2147 ducebaturad
895 2099 1014 2156 mortem,
1033 2099 1058 2144 et
1070 2099 1169 2146 silentio

84 2168 177 2215 tautam
189 2167 281 2214 babere
292 2167 426 2224 virtutem,
442 2167 471 2213 ut
485 2166 613 2214 lacessitus
634 2182 664 2216 se
675 2169 788 2226 tegebat,
800 2180 833 2214 ue
845 2168 952 2220 nudaret
964 2167 1092 2226 pudorem.
1103 2168 1170 2213 lutra
1209 2175 1214 2184 ·

83 2249 134 2285 uou
145 2236 277 2295 irascatur,
298 2238 432 2284 commotus
451 2249 477 2284 se
495 2236 558 2283 nolit
573 2235 614 2280 ul·
638 2250 664 2284 se
675 2239 758 2284 tamen
768 2236 914 2295 loquebatur
925 2237 977 2282 Deo
985 2268 993 2293 ,
1001 2235 1044 2294 qui
1052 2247 1106 2281 eam
1117 2248 1171 2283 ma-

85 2303 155 2352 cisci.
167 2304 264 2350 luimici
275 2304 322 2350 boc
333 2304 426 2363 agunt,
442 2304 471 2350 ιιι
481 2301 615 2363 provocent
638 2306 674 2363 gis
686 2304 781 2352 audivit
792 2304 913 2355 tacentem
928 2316 998 2362 :quae
1015 2304 1036 2349 si
1049 2302 1172 2351 voluisset
1256 2298 1259 2304 '

84 2373 117 2420 ad
128 2373 277 2420 iracundiam
290 2386 297 2418 ι
311 2373 475 2432 maledicunt,
492 2375 520 2420 ιιι
537 2373 615 2418 male-
638 2375 715 2434 loqui,
728 2373 829 2421 forsitan
838 2385 887 2420 uon
898 2374 964 2420 esset
975 2372 1067 2420 audita.

84 2440 212 2489 dicamus:
229 2441 406 2495 criminantur,
425 2441 454 2487 ut
468 2441 562 2487 crimen
577 2453 615 2486 re·
669 2442 706 2490 bb.
720 2443 748 2488 st
759 2443 788 2489 tu
805 2453 862 2501 ergo
874 2441 917 2501 qui
933 2440 1082 2500 proposuisti
1098 2440 1171 2488 saus

84 2508 261 2568 torqueamus:
274 2508 454 2567 conviciantur,
466 2509 494 2556 ιιι
506 2509 615 2556 excitent
639 2513 719 2560 iacere
731 2525 775 2572 pro
786 2511 884 2559 delictis
891 2512 996 2558 Domino
1006 2512 1058 2557 Deo
1068 2512 1119 2568 tuo,
1131 2511 1171 2558 illl

85 2578 614 2628 nosadvicissitudinemcoutumeliae.Unde
639 2581 684 2627 soli
706 2579 824 2627 interiore
843 2579 915 2624 corde
935 2579 960 2625 te
983 2590 1079 2636 purga,
1097 2579 1171 2625 illum
1227 2589 1229 2593 ·

85 2649 202 2708 praeclare
213 2650 300 2695 Petrus
312 2647 343 2695 de
351 2649 455 2695 Domino
462 2650 520 2696 lesu
529 2650 554 2696 iu
563 2650 615 2709 epi⁴
639 2650 769 2707 contuere,
789 2648 833 2708 qui
844 2644 925 2706 potest
944 2648 1046 2705 peccata
1062 2647 1167 2696 diluere.

85 2718 424 2778 stolasuaposuit:Quiacum
431 2720 614 2777 malediceretur,
638 2717 743 2775 Adiuvat
758 2718 799 2774 tc,
810 2716 853 2775 qui
865 2715 990 2774 putaverit
1006 2716 1169 2774 arguendum.

84 2799 133 2832 acu
152 2787 301 2834 maledicebat
318 2800 326 2832 .·
342 2800 396 2833 cum
417 2790 547 2847 pateretur,
567 2801 615 2835 uon
638 2788 751 2845 Denique
763 2798 820 2832 cum
831 2785 1021 2832 malediceretur
1037 2786 1132 2843 David,
1144 2788 1171 2834 et

86 2855 282 2902 comminabatur.
293 2854 329 2900 lid
341 2854 393 2912 ejus
402 2867 459 2914 ergo
471 2856 616 2902 similitudi·
640 2857 693 2913 eius
708 2857 759 2902 dux
774 2855 865 2902 Abesse
879 2854 996 2911 injuriam
1010 2856 1075 2914 regis
1092 2857 1170 2903 vellet

85 2935 143 2968 uem
155 2924 229 2983 atque
247 2924 379 2982 imaginem
394 2923 475 2980 justus
493 2937 544 2971 suae
556 2924 614 2972 vitae
639 2923 741 2981 ulcisci,
754 2923 819 2968 dixit
839 2923 870 2968 ud
889 2934 947 2968 eum
958 2923 1039 2968 David
1055 2927 1170 2971 :Dimitte

21 3028 23 3033 .
86 2992 190 3050 cupiens
215 2991 327 3039 instituta
349 2990 469 3048 formare,
490 2995 616 3040 accusatus
639 2989 1177 3048 iitummmaadicaa·quoaiamdaaardino:

86 3060 162 3116 tacet,
174 3059 244 3106 lactus
254 3059 376 3116 remittit,
391 3058 530 3104 dissimulat
539 3059 617 3106 laces-
640 3060 733 3111 miuuc,
745 3060 771 3102 ut
786 3059 863 3102 videat
873 3057 1027 3103 bumilitatem
1039 3071 1129 3115 mum,
1147 3062 1171 3106 et

85 3128 158 3183 situs,
170 3127 195 3172 ct
205 3138 255 3172 uou
273 3125 354 3182 aperit
365 3137 392 3171 os
406 3137 492 3182 suum;
509 3125 617 3172 utillum
641 3125 755 3170 retribuat
772 3124 832 3170 milri
843 3127 958 3170 Dominus
971 3124 1031 3170 bona
1039 3139 1083 3183 pro
1098 3127 1172 3174 mate·

85 3193 214 3250 imitetur,
231 3192 274 3250 qui
285 3192 349 3238 sicut
359 3203 435 3248 aquus
454 3191 485 3238 ad
492 3192 618 3240 victimam
641 3193 757 3240 dicioiroc.
767 3193 840 3238 Vides
850 3192 925 3250 igitur
932 3193 997 3251 quod
1007 3204 1025 3238 a*
1032 3193 1173 3240 convician-

85 3261 189 3318 dnctus‚
208 3259 243 3305 sic
262 3271 311 3304 uon
330 3258 427 3316 aperuit
444 3271 470 3305 os
486 3271 558 3306 suum
574 3259 618 3307 :et
641 3263 708 3309 tibus
718 3261 858 3319 adjuveris,
870 3263 899 3308 ut
913 3263 1030 3309 Dominus
1040 3263 1124 3310 audiat
1134 3263 1170 3324 te,

87 3343 144 3378 cum
161 3329 237 3388 possit
247 3328 339 3374 habere
349 3326 415 3386 quod
424 3329 531 3388 reserat,
541 3330 618 3388 magis
642 3331 667 3378 et
680 3330 809 3390 peceatum
825 3331 897 3383 tuum
907 3330 1032 3378 remittat?
1042 3332 1100 3378 Nam
1112 3344 1170 3379 cum

86 3397 142 3444 vult
152 3397 227 3443 silero
235 3408 309 3456 quam
322 3395 415 3442 dicere.
426 3397 481 3455 lpse
491 3395 558 3443 euim
568 3399 618 3444 Do-
640 3397 694 3457 ipse
710 3398 836 3444 accusator
848 3398 885 3444 tui
893 3410 946 3444 esse
955 3398 1058 3457 debeas,
1076 3399 1101 3446 et
1113 3413 1170 3463 cou-

87 3465 170 3512 miuus
188 3465 259 3512 lesus
277 3477 335 3513 vere
352 3477 418 3512 cum
446 3468 616 3525 accusaretur,
641 3478 742 3514 cervare
761 3465 868 3526 flagitia,
887 3467 962 3526 teque
983 3466 1063 3525 ipsum
1082 3468 1171 3517 offerre
1267 3482 1270 3487 ’

86 3532 198 3590 tacebat3
220 3533 246 3580 et
275 3545 331 3579 cum
356 3529 544 3592 percuteretur,
567 3547 617 3580 uou
641 3534 775 3594 supplici03
788 3535 1170 3594 quomodouegareobJ'ectade'-

87 3565 280 3658 repercutiebat
298 3599 411 3659 Denique
429 3610 557 3657 percussus
579 3613 618 3648 re-
641 3601 750 3649 siderast
761 3603 908 3650 Poeuitcutia
919 3603 1169 3665 patientiamquaerit,

87 3668 205 3727 spondit:
220 3670 247 3716 si
258 3670 319 3716 ruam
332 3670 422 3716 locutus
437 3682 501 3726 sura,
517 3663 618 3717 tcctimo-
641 3662 761 3731 patientia
772 3671 868 3750 mitigat
886 3672 978 3719 delicta
992 3685 1088 3732 magua.
1104 3675 1171 3732 Quo-

87 3737 258 3797 uiuruperlu'bc
273 3739 394 3785 demoto:
403 3737 489 3784 sibene
495 3740 618 3814 ,quidmc
641 3739 731 3785 modo
725 3751 839 3786 irasceris
849 3740 914 3799 alus,
924 3740 1035 3801 tuaerpse
1043 3755 1100 3790 reus
1110 3756 1170 3790 con

88 3804 173 3852 οωιιιιὲ
183 3805 245 3850 Vide
257 3797 464 3882 quemadmodum
478 3805 548 3864 quasi
559 3817 618 3852 vere
643 3805 768 3853 scientiae?
778 3807 902 3865 Quomodo
917 3810 1093 3868 commoveris,
1113 3822 1170 3856 cum

89 3857 213 3930 infirmus,
226 3871 252 3918 et
269 3871 338 3931 quasi
355 3871 429 3930 isqui
449 3883 475 3930 ιι
491 3870 618 3918 vindicare
643 3874 734 3921 debeas
744 3887 797 3922 esse
809 3868 973 3924 miserabilist
987 3878 1034 3935 Qui
1046 3878 1169 3936 arguitur,

88 3951 138 3988 uon
149 3941 242 4000 posset,
256 3941 346 4000 puerili
358 3939 464 4005 quodam
471 3940 619 4000 loquebatur
630 3979 634 3990 .
645 3942 768 4014 otiquod
787 3946 823 3992 est
843 3945 962 4008 amplius)
985 3958 999 3992 a
1022 3946 1169 4007 semetipso,
1210 3949 1213 3953 ’
