2760 4794
331 491 364 537 iu
379 493 536 538 PSALMUM
551 495 662 540 cxviii
677 497 875 542 EXPOSITIO.
1108 496 1151 545 itt

63 583 104 621 ase
119 575 178 621 sicut
201 573 310 634 sagittam
326 576 429 623 electam.
447 576 541 623 Bonum
560 575 598 624 est
622 576 746 626 sinisiram
756 578 884 639 sapientiae
898 577 924 625 et
936 576 1080 635 dexteram,
1091 580 1116 626 ot
1127 580 1154 626 iu

64 652 124 699 ergo
136 641 181 688 bac
193 640 320 689 vulnerari
331 641 427 700 sagitta.
439 644 492 690 Non
503 644 598 692 medio-
622 647 681 705 ipsis
689 650 787 695 maneat
795 680 802 706 ,
810 648 854 695 ubi
864 646 960 695 divitias
971 647 1151 706 simplicitatis,

65 709 116 756 eris
126 710 259 757 mansionis
270 709 317 757 istc
328 723 456 770 processus
467 725 474 758 e
486 724 536 759 non
547 725 598 760 om·
622 713 665 761 ubi
676 713 769 773 gioria,
778 715 821 762 ubi
831 713 959 774 iongitudo
967 714 1025 762 vitae
1036 714 1081 762 est.
1091 717 1154 762 baa·

64 787 112 826 uss
122 781 221 838 possunt
233 779 317 827 dicere
333 780 393 839 quia·
403 781 529 829 vulnerati
540 781 598 829 sunt
622 784 699 841 qiludo
711 782 780 830 enirn
791 786 844 831 uita
854 785 880 831 ia
894 783 991 831 matera
1002 784 1066 841 esus,
1079 782 1107 829 ut
1118 783 1154 830 ait

65 844 214 894 dilectionis.
225 847 346 894 Dicebant
364 849 467 908 apostoli
486 862 542 897 cum
553 862 597 909 pro
621 851 735 899 Salomon
752 866 759 898 a
775 854 907 901 instatura
920 855 998 899 autem
1008 853 1057 911 ejas
1069 853 1153 900 divitia

64 912 161 962 Christo
172 916 354 976 lapidarentur,
365 918 390 965 et
400 918 522 966 christum
533 932 597 978 prae-
621 922 643 968 et
651 922 734 981 gloria.
742 921 772 968 ln
781 921 885 968 dextera
895 920 947 969 vita
958 920 1009 979 est,
1017 920 1043 965 in
1054 920 1153 968 sinistra

62 981 186 1033 dicarent.
197 985 302 1032 Dicebat
308 987 397 1033 Paulus
405 999 462 1034 cum
472 988 511 1035 ter
522 987 598 1046 virgis
620 989 728 1047 requies.
745 989 845 1036 Utinam
863 1000 937 1049 super
957 987 1082 1035 sinistram
1098 989 1153 1045 cius

66 1050 326 1113 caederetur,etd1eae
334 1054 598 1103 nocterristumado-
621 1057 786 1115 requiescam,
796 1069 828 1105 ne
839 1069 947 1116 quaeram
957 1055 1097 1104 cervicalia.
1109 1057 1152 1106 Va

64 1119 170 1168 randum
179 1122 445 1182 gentibusdisputaret.
452 1122 543 1169 Dicunt
551 1124 597 1170 hoc
621 1126 688 1172 enirn
696 1128 725 1174 iis
733 1129 774 1186 qui
783 1127 885 1174 odaeum
894 1126 1015 1173 cervicalia
1020 1125 1153 1181 ‚Ezechiel

64 1189 200 1248 martyres,
209 1189 254 1249 qui
265 1188 477 1247 vulneranturpro
484 1190 596 1238 Christo:
621 1190 690 1237 dicit.
703 1191 751 1238 llas
759 1190 898 1238 mansiones
908 1189 1029 1248 preparat
1037 1189 1152 1237 Ecclesiae
1175 1222 1177 1228 ι

63 1256 162 1316 etquis
177 1258 302 1306 uulnerari
322 1271 366 1317 pro
385 1258 439 1316 ejus
453 1262 598 1308 meruerunt
622 1270 671 1304 suae
681 1255 955 1315 bonusductor,etper
965 1256 1153 1315 viassapientiae

45 1360 48 1365 -
62 1326 183 1385 nomine,
193 1327 372 1386 plusdiligunt.
622 1327 707 1386 dirigit
716 1327 764 1374 iter
772 1327 834 1385 ejus.
841 1326 954 1386 Denique
962 1325 1045 1373 laudat
1051 1325 1153 1384 Sapiens
1219 1382 1225 1393 Ι

96 1396 136 1443 18.
146 1396 182 1442 Ad
190 1395 253 1443 banc
263 1409 321 1456 ergo
331 1396 436 1444 veniens
444 1396 597 1445 mansionem
622 1396 673 1442 vias
685 1397 738 1453 ejus
750 1409 757 1442 e
768 1398 819 1444 Via
830 1396 879 1454 eius
893 1397 937 1444 aia
950 1395 1029 1454 boae,
1040 1397 1062 1443 et
1073 1407 1162 1443 amaa·
1217 1436 1224 1447 .

10 1462 30 1499 *-
63 1463 190 1522 Ecclesia,
208 1464 239 1511 ad
255 1465 320 1512 hunc
336 1477 494 1524 processum,
506 1467 535 1512 ut
552 1478 597 1524 pro
620 1467 707 1512 semita
718 1465 766 1523 ejus
777 1466 880 1525 topace.

10 1542 17 1553 “
63 1531 235 1583 cumcontra
254 1544 311 1580 suos
325 1533 425 1592 alferat,
444 1534 472 1580 ut
489 1534 597 1593 excipiat
651 1531 690 1580 20.
702 1532 750 1580 Sed
760 1535 819 1592 quia
829 1530 1093 1592 sapientia,b0nestas,
1102 1531 1152 1581 cla·

63 1601 169 1648 usdnera
183 1601 305 1659 caritatis,
317 1602 387 1662 quasi
405 1601 468 1649 bona
480 1601 539 1649 fidei
550 1602 596 1649 ali·
619 1601 691 1660 ritas,
704 1601 739 1648 ita
753 1601 868 1662 perlecta
879 1600 981 1660 sunt,si
992 1601 1100 1648 habeant
1110 1613 1151 1648 ca·

64 1669 147 1717 menta
168 1669 311 1730 reperiens,
331 1670 481 1729 pietatisque
502 1671 596 1718 Ductus
619 1670 718 1717 ritatem
735 1669 880 1732 (plenitudo
896 1670 963 1717 enim
973 1668 1045 1727 Legis
1060 1670 1151 1718 caritas

64 1737 171 1800 gustavit
183 1738 249 1797 ipsa,
267 1739 293 1786 et
304 1739 397 1785 hortari
408 1738 484 1798 coepit
495 1741 595 1787 caeteros
619 1737 670 1800 est)
681 1741 794 1788 suscitari
806 1741 832 1787 et
844 1740 986 1789 resuscitari
998 1740 1051 1787 vult
1061 1739 1150 1787 carita·

64 1805 150 1854 dicens
161 1820 168 1853 e
178 1807 289 1864 Gustata,
299 1809 322 1854 et
332 1809 405 1855 uidete
417 1810 595 1871 quonlamsua·
619 1808 669 1854 tem
686 1822 693 1854 c
710 1809 822 1857 suscitari
838 1809 865 1855 in
884 1810 963 1857 ueteri
979 1809 1149 1867 Testamenta,

64 1874 98 1921 vis
108 1876 276 1932 sstDominus,
287 1877 345 1922 sicut
352 1877 451 1922 malum.
461 1877 490 1924 Et
497 1875 523 1922 in
530 1876 595 1922 malo
618 1878 758 1925 resuscitari
777 1877 804 1925 in
821 1889 895 1925 noro.
911 1878 1007 1925 Caritas
1017 1879 1081 1923 Deus
1100 1878 1148 1934 est,

63 1941 154 1989 vulnus
165 1944 215 2002 est,
229 1943 272 1990 sed
282 1942 366 1991 tamen
376 1956 451 1993 suave
462 1946 507 1992 est.
520 1945 597 1992 Venit
618 1948 647 1992 ut
657 1946 777 2005 legimus:
790 1945 878 1993 caritas
887 1945 996 1992 Christus
1006 1945 1052 1990 est.
1066 1943 1148 1990 Susci-

63 2009 197 2059 iterumad
215 2013 306 2063 saltem
321 2012 462 2072 botryonis,
477 2012 540 2061 vidit
558 2015 596 2060 in·
619 2015 685 2064 tatur
692 2016 816 2076 tamquam
824 2015 905 2074 leo,et
916 2015 1011 2062 catulus
1019 2012 1149 2072 leonis‚ut
1194 2034 1196 2040 ·

10 2128 19 2139 ,
63 2080 145 2139 gentis
160 2091 235 2128 uram
249 2080 437 2139 magnitudinis,
455 2091 528 2141 quam
546 2081 595 2128 duo
618 2083 687 2130 tudae
704 2083 836 2145 adscendet
852 2096 886 2130 ex
897 2082 1017 2143 germine.
1034 2081 1149 2128 Resusci-

63 2149 161 2210 portare
173 2149 218 2195 vix
230 2150 344 2210 poterant
354 2163 362 2196 a
374 2163 438 2197 unus
449 2150 491 2209 qui
502 2162 595 2208 praece·
618 2150 684 2199 tatur
692 2153 720 2199 ut
730 2151 868 2210 dormiens,
878 2153 907 2198 ut
917 2150 1077 2208 recumbens3
1090 2149 1148 2208 quia

64 2217 148 2277 deret,
167 2219 230 2265 alius
247 2219 291 2280 qni
311 2219 466 2278 sequeretur.
483 2218 596 2266 Gustavit
618 2231 667 2266 non
684 2220 804 2279 humana,
816 2222 859 2267 sed
877 2233 921 2267 sua
936 2218 1049 2267 etPatris
1059 2218 1149 2275 majes-

62 2287 222 2346 inysterium,
232 2287 340 2347 gustavit
348 2287 373 2332 in
381 2286 527 2346 tesultave,
538 2300 595 2346 gus-
618 2287 669 2335 tate
685 2289 724 2336 est
738 2288 866 2336 suscitatus
877 2300 891 2334 a
907 2287 1020 2334 mortuis.
1033 2287 1102 2333 Unde
1113 2286 1149 2333 ait

63 2355 170 2403 tarit⁸in
184 2357 273 2415 caleb,
284 2357 327 2416 qni
343 2355 459 2414 dicebant
478 2356 568 2416 populo
586 2369 594 2403 e
618 2357 743 2417 Scriptura
758 2360 838 2419 :Quis
860 2356 979 2405 suscitabit
997 2355 1079 2404 ittam?
1095 2357 1148 2403 Non

65 2425 172 2473 Vidimus
184 2427 273 2472 temam
282 2427 437 2484 matusalem
452 2427 498 2472 mel
509 2428 531 2472 et
547 2427 593 2473 tac.
618 2427 685 2473 enim
701 2427 798 2486 poterat
816 2426 886 2472 illum
905 2425 948 2471 aui
967 2424 1087 2484 Angelus,
1105 2424 1149 2471 aut

63 2493 180 2560 Gustata,
196 2493 222 2541 et
240 2492 341 2550 ridete,
362 2504 437 2554 quam
456 2492 539 2541 suavis
557 2495 594 2541 est
617 2494 723 2554 potestas
733 2495 851 2542 suscitare
859 2493 1018 2551 aliena3cum
1028 2493 1079 2551 ipse
1088 2493 1147 2540 alios

62 2562 189 2610 Dominus.
617 2565 782 2612 resuscitaret.
801 2566 862 2623 Ergo
884 2576 940 2609 curn
958 2562 1079 2610 hicdicit
1097 2577 1104 2608 c
1121 2565 1148 2610 si

94 2631 132 2678 sa.
144 2631 174 2678 m
183 2630 278 2679 addidit
286 2629 394 2679 Ecclesia
404 2630 488 2680 dicere
505 2635 593 2682 :Lava
616 2636 793 2690 suscitaveritis,
805 2635 847 2681 aut
858 2633 1047 2680 resuscitaveritis
1058 2633 1147 2679 comta-
1169 2678 1170 2683 ,

62 2701 112 2757 eius
122 2701 164 2749 sub
174 2704 247 2761 capite
257 2715 321 2759 mea,
334 2703 356 2749 et
366 2703 462 2749 dextera
472 2703 593 2762 educara-
617 2705 662 2750 tem
678 2715 795 2762 usquequa
806 2703 905 2749 calamit
912 2733 920 2758 ,
933 2699 964 2747 de
982 2699 1014 2747 iis
1029 2699 1089 2746 dicit
1103 2699 1146 2758 qui

59 2769 171 2829 plectetur
185 2783 231 2817 me.
244 2771 358 2829 Adjuravi
375 2772 593 2828 complicatilem·
616 2769 822 2817 resurrectionem
846 2768 899 2825 eius
918 2768 1020 2826 possunt
1041 2779 1146 2827 congrue

60 2839 134 2886 salem
144 2840 169 2884 io
180 2839 304 2886 virtutibus
311 2841 333 2886 ct
342 2836 518 2897 fortitudiiaibus
526 2841 591 2898 agri,·
616 2837 762 2895 praedicare3
771 2837 798 2883 ut
805 2835 961 2882 audientibus
969 2834 1080 2881 ardorem
1088 2836 1147 2885 fidei

60 2908 83 2960 si
91 2909 255 2956 suscitaveritis
262 2939 271 2965 ‚
287 2909 310 2954 et
324 2908 514 2954 resuscitaveritis
531 2908 593 2953 cam·-
616 2904 641 2950 et
652 2905 791 2952 devotionis
801 2903 943 2951 accendant.
953 2904 999 2950 Vel
1015 2903 1147 2952 suscitatur

61 2978 133 3023 tatem
148 2989 264 3037 usquequo
280 2977 387 3022 uoluerit.
405 2973 435 3020 m
450 2975 504 3021 istm
521 2986 591 3021 man·
616 2971 725 3018 Christus
735 2971 762 3017 in
775 2972 820 3028 iis,
831 2971 873 3030 qui
885 2971 993 3029 primum
1004 2971 1145 3019 accedunt:

60 3044 142 3095 tiones
152 3046 209 3092 suut
219 3043 260 3092 ula
270 3042 348 3102 regali
362 3041 499 3089 incedentis
507 3042 592 3088 Eccle-
615 3038 774 3085 resuscitatur
785 3038 811 3083 in
827 3038 859 3085 iis
870 3038 914 3096 qui
924 3037 1053 3095 postquam
1064 3049 1147 3086 acces-

59 3114 114 3162 sise.
129 3115 209 3172 Multae
230 3112 299 3158 enim
314 3113 368 3158 suat
383 3111 515 3156 maasioms
530 3112 592 3168 apud
616 3106 702 3164 serint,
709 3105 969 3151 dormienmt.Dormit
975 3117 1031 3164 ergo
1037 3105 1148 3154 Christus

60 3185 159 3232 Patrem
169 3193 247 3229 meam
257 3177 403 3228 testificatur
416 3178 536 3225 Dominus
550 3179 592 3224 Je-
616 3173 642 3220 in
652 3172 851 3232 negligentibus,
861 3172 995 3218 suscitatur
1004 3172 1031 3218 in
1046 3174 1147 3221 moesis.-

60 3265 116 3312 sus3
124 3250 150 3297 et
158 3263 165 3296 ε
174 3251 234 3297 Ecce
242 3250 308 3296 aecio
314 3250 352 3306 ,et
359 3249 459 3309 accersio
468 3260 517 3294 aas.
526 3247 591 3294 Bona
645 3241 684 3288 21·
696 3241 775 3288 Habet
785 3253 842 3300 ersi>
853 3239 962 3287 Ecclesia
971 3251 1016 3299 Der
1026 3254 1081 3300 (111ae
1090 3253 1146 3300 grt-

60 3319 155 3370 mansio
166 3316 309 3378 sapientia,
320 3316 346 3362 et
354 3315 407 3362 sire
416 3315 442 3361 in
450 3314 512 3362 laeva
523 3313 590 3372 eius,
615 3307 715 3356 diaturc
733 3309 809 3357 babet
823 3308 963 3356 habitacula
977 3310 1144 3371 mansionum,

61 3385 113 3435 sive
125 3385 151 3432 in
162 3385 279 3442 dextera,
288 3384 350 3433 bona
361 3383 468 3440 mansi03
479 3381 538 3442 quia
550 3381 590 3427 via
614 3377 640 3424 in
651 3378 743 3439 quibus
751 3377 909 3437 requiescunt
916 3377 1047 3437 sancti‚de
1055 3379 1149 3438 quibus

60 3455 149 3514 regalis
171 3455 217 3502 est.
234 3453 342 3512 ideoque
364 3451 488 3511 sapientes
506 3450 589 3497 nuntii
613 3447 660 3494 iste
671 3447 762 3509 estqui
774 3446 835 3494 dicit
846 3460 852 3492 a
865 3449 948 3507 begam
957 3447 1144 3506 milicoostitue,

61 3521 164 3573 dsunt:
177 3525 225 3573 Via
238 3522 312 3582 regati
322 3521 420 3577 ibimus,
431 3533 480 3566 aaa
493 3521 590 3567 diverte-
612 3518 721 3573 Damius,
732 3519 797 3564 aiam
802 3517 950 3575 justitiarum
963 3518 1067 3563 tuor-um.
1076 3518 1144 3564 Bene

61 3604 113 3641 mus
123 3594 220 3639 dealem
225 3623 234 3648 ,
242 3603 315 3649 aeque
325 3589 434 3645 sinistra,
441 3590 589 3648 quoadusque
604 3585 657 3643 ait,
668 3587 757 3644 statue;
766 3585 794 3631 ut
804 3585 831 3631 in
840 3583 941 3644 pectore
949 3583 1002 3641 eius
1010 3583 1145 3633 immobilis
1179 3590 1183 3599 '

61 3661 208 3708 transeamus
219 3658 330 3707 terminas
342 3658 402 3703 tuos.
412 3655 463 3700 lloc
471 3654 589 3701 dixerunt
613 3655 640 3700 et
658 3653 709 3699 lixa
722 3652 879 3712 permaneat,
900 3664 948 3699 nec
963 3652 1046 3712 aliquo
1061 3653 1144 3701 saeculi

60 3727 129 3774 missi
147 3739 162 3774 a
176 3729 257 3787 Moyse
272 3723 356 3771 nuntii
369 3722 401 3769 ad
411 3733 495 3782 regem
505 3722 588 3781 Edam,
613 3721 728 3780 turbine,
743 3721 774 3767 ab
790 3719 843 3778 eius
863 3720 1017 3767 convellatur
1033 3720 1140 3777 attactu3

60 3795 106 3842 boc
114 3792 375 3856 est,terrsnum;quia
384 3791 483 3839 terrena
493 3791 588 3850 omnia,
613 3789 642 3837 ut
651 3790 704 3849 ipss
715 3790 758 3837 lex
769 3788 802 3836 sit
811 3788 873 3847 sibi,
889 3801 950 3849 opus
966 3789 1061 3836 habens
1080 3788 1144 3848 legis

59 3864 112 3912 sive
126 3864 152 3911 in
167 3865 283 3923 dextera,
296 3863 350 3911 sive
363 3861 389 3909 in
400 3860 514 3918 sinistra,
524 3860 589 3906 mala
613 3857 732 3917 scriptum
743 3857 770 3904 in
780 3857 853 3904 corde
863 3869 916 3904 suo.

59 3933 288 3980 suntidalamansio
295 3929 590 3992 insipientia,malaman-
633 3925 682 3975 iil.
693 3928 725 3974 m
735 3939 840 3986 quaram
846 3958 854 3984 ‚
864 3925 959 3985 inquit,
969 3925 1035 3971 ittam
1043 3934 1141 3981 semper.

59 4003 95 4050 sio
115 4001 318 4062 intemperantia3
336 4001 363 4048 et
378 3999 435 4046 ideo
452 3996 588 4058 pertransit
612 3996 664 4043 Non
674 3995 785 4042 estenim
796 3995 920 4042 mediocre
931 3992 997 4052 quod
1007 3990 1143 4056 requiritur

59 4070 104 4119 luas
119 4071 257 4119 mansiones
273 4069 408 4117 Hehraeusa
426 4080 475 4114 non
485 4066 588 4114 divertit
612 4063 718 4123 paradisi
729 4063 820 4122 gratia,
839 4061 887 4110 Dei
902 4072 1023 4118 regnum,
1038 4057 1143 4116 nngelo-
1169 4095 1171 4101 ,

59 4139 91 4186 ad
102 4151 156 4197 eas,
168 4137 211 4186 sed
221 4135 366 4197 pertransit3
378 4136 405 4184 ut
419 4134 548 4194 parveniat
558 4132 589 4180 ad
613 4143 668 4179 rum
678 4131 841 4190 consortium,
851 4123 1088 4184 immortalitatisque
1100 4123 1143 4175 aa
