2760 4794
180 399 210 445 20
571 396 692 441 SANCTI
707 394 869 439 dmnnosn

179 479 207 528 in
222 481 268 528 Dei
286 479 409 528 laudibus.
420 478 489 528 Unde
505 478 531 528 et
542 477 604 527 illud
615 478 650 525 sie
662 487 704 524 aas·
761 475 799 523 82.
810 478 870 524 Ham
881 473 942 536 quid
953 473 1000 523 sibi
1013 472 1065 522 vult
1075 470 1140 535 quod
1152 472 1190 522 vir
1199 488 1260 535 poc-

179 548 281 596 timatur
293 562 299 594 :
311 551 405 608 Einpna
427 562 480 596 meo
496 549 601 596 commas
623 546 705 594 scribe
730 545 812 592 catum
823 558 895 592 suum
910 544 1043 600 confitens,
1055 542 1084 589 do
1096 543 1153 591 Sion
1164 545 1190 591 et
1198 545 1261 591 Hie·

178 618 285 666 uelociter
299 618 431 676 scribentis,
445 629 525 666 sermo
536 616 631 662 iniusus
648 617 705 662 Pro·
729 615 835 661 casalem
853 614 936 673 psallit
947 613 1033 660 diceus
1044 625 1050 658 :
1062 614 1162 671 llenefoc
1169 645 1178 671 ,
1207 618 1262 662 Do-

180 685 273 746 phetae.
730 683 808 738 minc,
827 680 926 729 inbono
943 683 1062 728 voluntate
1086 683 1127 727 tna
1143 684 1215 739 Sion,
1236 687 1261 729 et

208 755 248 803 80.
256 753 326 814 Quod
334 755 354 800 si
365 750 604 813 expersonaCbristi
612 751 706 800 dietum
729 751 870 809 edificentur
882 751 946 797 murt
959 749 1122 808 Hierusalem
1134 750 1183 797 nisi
1198 752 1259 810 quia

179 823 326 883 accipimus,
339 823 398 871 ride
409 833 441 869 ne
452 821 531 869 scriba
548 821 580 867 sit
588 820 708 868 velociter
729 819 861 866 accelerari
871 818 896 865 ei
908 819 991 876 placet
1000 818 1114 864 Ecclesiae
1126 830 1260 879 congrega-

179 891 288 938 scribens
299 891 406 938 Verbum
414 890 475 949 Dei,
486 889 552 950 quod
561 888 649 936 anima
657 887 707 935 ris·
730 885 822 933 tionem
832 899 878 946 pur
887 887 1042 933 vocationem
1057 886 1183 946 pentium3
1202 901 1260 947 quas

179 971 235 1006 cera
245 960 374 1019 percurrat
384 959 409 1006 et
416 958 546 1019 penetret,
556 959 582 1004 et
589 955 707 1003 inscribat
730 965 778 1000 nou
789 955 885 1001 ancillae
896 954 951 1011 tilii,
959 954 1002 1001 sed
1009 953 1093 1001 liberae
1104 955 1259 1005 Hierusalem

178 1026 205 1076 in
215 1041 246 1076 ea
255 1030 296 1076 vel
311 1029 405 1076 naturae
420 1027 483 1074 dona
494 1027 534 1074 rel
543 1026 628 1085 gratia
639 1038 646 1070 t
658 1025 706 1070 lin·
729 1024 808 1082 illius,
817 1036 871 1084 quae
880 1024 906 1070 in
915 1024 976 1071 coelo
988 1023 1259 1085 est,s1deisuaeprosa-

179 1109 227 1156 ssua
248 1098 332 1145 autem
349 1097 383 1144 sit
406 1096 519 1144 sanetum
535 1095 599 1142 illud
619 1108 706 1154 corpus
729 1093 795 1151 piam
809 1094 861 1141 toto
871 1093 930 1140 orbe
946 1093 1110 1152 diffunderet,
1122 1094 1148 1140 et
1159 1095 1259 1153 spirita-

179 1166 308 1214 ortum'ex
321 1165 437 1224 Virgine,
456 1177 505 1224 quo
525 1164 630 1212 vacuata
646 1166 707 1211 sunt
729 1163 790 1208 lium
804 1162 873 1222 septa
890 1174 1016 1209 murorum
1031 1161 1147 1210 doctrinae
1161 1160 1259 1222 aposto·

179 1246 274 1282 venena
289 1234 423 1293 serpentis,
442 1235 468 1281 et
488 1232 613 1293 Evangelii
632 1245 705 1292 opera
729 1231 782 1278 licae
792 1230 906 1278 fundaret
916 1230 1074 1278 adsertione?

178 1304 229 1352 toto
239 1304 298 1350 orbe
313 1303 460 1350 celebranda
470 1303 573 1349 decursa
583 1301 648 1349 sunt.
660 1303 706 1348 Ac·
757 1300 797 1347 8³.
808 1300 871 1346 lluri
881 1300 964 1358 itaque
972 1300 1125 1346 Hierusalem
1133 1299 1190 1347 ndei
1200 1313 1257 1359 pro·

179 1371 245 1419 cedit
255 1370 287 1418 ad
297 1371 466 1418 evacuandum
480 1371 625 1430 peccatum,
640 1371 706 1431 quod
728 1370 880 1428 pugnacula,
890 1367 1082 1426 disputationum
1093 1369 1256 1428 munimenta,

179 1439 348 1487 humilitatem
368 1439 479 1497 suscepit
498 1452 504 1484 ε
529 1439 645 1485 contrivit
664 1452 705 1486 cor
729 1436 963 1484 virtutumeulmina
974 1436 1046 1484 sunt:
1062 1437 1127 1483 muri
1140 1437 1258 1485 Hierusa-

178 1520 265 1566 suum,
277 1506 580 1567 quodmagissacriticium
588 1507 705 1555 Dominus
729 1507 778 1553 lem
797 1505 959 1552 Ecclesiarum
979 1507 1113 1553 conventus
1127 1506 1185 1554 sunt
1202 1507 1257 1553 toto

79 1631 84 1638 ,
179 1576 267 1636 eiecit,
278 1587 354 1636 quam
370 1575 511 1621 holocausta
525 1586 569 1633 pro
582 1576 704 1633 pereatis,
728 1574 786 1621 orbe
798 1573 902 1621 fundati.
915 1573 1023 1621 Ecclesia
1034 1574 1101 1621 enim
1113 1575 1191 1622 dicit:
1203 1577 1256 1635 Epo

178 1644 377 1706 quoesecundum
386 1645 477 1703 Legem
492 1643 573 1689 offerri
584 1643 703 1690 solebant.
727 1657 822 1699 meras,
840 1646 862 1690 et
880 1643 955 1690 ubera
975 1657 1028 1690 ineo
1046 1646 1126 1691 terris.
1146 1645 1175 1691 Et
1190 1645 1256 1692 bone

177 1713 291 1773 lienique
309 1726 382 1772 supra
403 1713 438 1759 ait
449 1714 608 1760 :Holoeourto
624 1715 646 1758 et
661 1727 704 1772 pro
729 1713 792 1758 muri
803 1711 956 1759 Hierusalem
970 1712 1135 1759 Ecclesiarum
1146 1725 1255 1760 conven-

176 1785 270 1842 peecoto
286 1795 334 1829 non
347 1782 484 1843 postutasti,
498 1785 552 1828 tanc
566 1782 619 1828 dini
626 1795 634 1827 :
644 1783 704 1829 Eece
728 1781 803 1827 ticula
814 1781 883 1839 sunt3
895 1781 1255 1840 quoniamquisquisbonalide

177 1853 259 1909 venio,
276 1850 301 1897 id
317 1851 368 1909 est,
380 1863 429 1896 non
445 1850 555 1918 rapinam
572 1849 703 1897 arbitratus
728 1852 800 1909 atque
818 1862 892 1908 opere
907 1849 1045 1910 ingreditur
1062 1851 1209 1910 Eccleslam‚
1226 1851 1255 1899 nc

178 1931 232 1967 esse
242 1931 283 1966 me
298 1920 418 1978 aqualem
434 1919 501 1976 Deo,
517 1917 589 1964 venio
601 1917 703 1965 formam
727 1930 838 1977 supernae
853 1916 921 1964 illins
935 1918 997 1965 civis
1016 1919 1042 1965 et
1054 1918 1131 1965 incola
1145 1919 1255 1965 civitatis

178 1987 243 2036 servi
255 1989 393 2048 accipiens:
403 1986 704 2047 venioinspeciesuseep·
727 2000 781 2046 quae
794 1986 922 2034 descendit
939 1987 970 2033 de
982 1987 1052 2033 coelo.
1069 1988 1117 2034 Hos
1127 2000 1208 2034 muros
1219 1990 1256 2035 la·

177 2057 253 2104 tionis
259 2056 381 2114 humana,
388 2055 413 2102 in
424 2054 528 2102 ueritate
535 2055 628 2113 erucis,
637 2067 703 2102 mor·
726 2055 811 2113 pidum
822 2054 925 2102 aedificat
935 2054 1058 2101 structura
1068 2055 1190 2101 vivorum.

177 2125 209 2172 tis
218 2125 358 2173 bumilitate
368 2122 533 2171 obedientiam
542 2122 701 2183 probaturus3
756 2123 795 2171 814.
813 2124 905 2170 Videas
916 2123 992 2183 igitur
1004 2124 1157 2170 Hierusalem
1167 2136 1253 2172 veram

176 2193 205 2242 ut
215 2193 385 2243 inobedientia
399 2194 520 2242 deleatur.
726 2196 751 2240 et
761 2194 819 2241 Sion
830 2193 907 2240 dixit:
916 2193 974 2239 Cum
985 2189 1143 2240 benedixeris
1153 2193 1179 2239 in
1189 2193 1252 2240 borna

205 2262 245 2310 81.
256 2262 341 2310 Herito
352 2275 408 2322 ergo
417 2262 495 2310 et'hic
504 2259 577 2309 dicit:
585 2262 701 2324 Qualem
724 2263 851 2310 'voluntate
863 2264 904 2310 tua
914 2263 1068 2308 Hierusalem
1079 2262 1105 2307 et
1115 2262 1185 2321 Sion,
1197 2265 1252 2309 tnnc

175 2333 197 2380 si
205 2333 328 2390 voluisses,
336 2333 474 2390 sacrificinm
485 2333 593 2380 Hdbsem
603 2332 682 2390 ntique
692 2345 701 2376 .·
725 2331 853 2390 acceptabis
863 2331 1003 2388 sanificinm
1014 2332 1111 2389 justitie
1116 2363 1125 2389 ‚
1136 2331 1182 2377 boc
1200 2331 1251 2389 est,

176 2399 314 2446 holocaustis
324 2412 372 2445 non
384 2398 539 2445 delectaberis.
557 2397 701 2454 Sacrificium
725 2399 871 2447 sacrificium
891 2399 1001 2458 eorporis
1019 2399 1123 2457 Christi,
1144 2400 1187 2458 qui
1203 2400 1251 2457 ait,

175 2466 700 2526 Deospiritnscontrtbntatnsccorcontritum
725 2480 781 2515 cum
799 2466 829 2514 de
850 2467 948 2527 propria
963 2468 1076 2527 passione
1096 2469 1250 2527 loqueretur:

175 2538 197 2582 et
206 2534 356 2582 tramitiatnm
363 2536 427 2581 Deus
437 2546 485 2579 non
494 2534 590 2592 spernit.
599 2533 628 2579 Et
638 2532 702 2580 sicut
725 2537 968 2596 Aperiternibiportos
979 2538 1089 2595 jnstittoe,
1099 2541 1121 2585 et
1136 2540 1252 2598 inpressas

176 2615 248 2662 supra
264 2602 333 2661 dixi,
352 2601 446 2649 eertum
463 2602 500 2647 est
516 2601 633 2660 mysterio
644 2613 700 2648 eon·
725 2609 749 2652 in
759 2620 799 2654 eos
810 2607 933 2665 corcfitebor
942 2610 1052 2655 Domino.
1066 2608 1095 2654 Et
1106 2607 1132 2653 in
1142 2609 1252 2666 Evange-

174 2671 261 2719 venire
269 2671 335 2730 quod
343 2671 395 2730 ipse
403 2669 521 2716 Dominus
529 2670 701 2718 lesusridetur
725 2675 758 2720 lio
779 2677 814 2722 ait
832 2675 864 2721 ad
880 2676 1034 2722 iohannem:
1046 2678 1101 2724 stne
1118 2677 1198 2735 modo,⁸
1218 2679 1252 2723 sic

174 2739 217 2786 hic
230 2752 326 2799 quoque
342 2751 376 2786 ex
389 2751 431 2786 sua
446 2738 646 2798 personatuum,
658 2740 700 2799 qui
725 2736 1249 2805 enimoportetnorimplere'omnemjastitionr.

98 2820 101 2823 ·
174 2808 287 2867 superius
308 2809 370 2856 illud
388 2820 497 2867 personae
520 2820 570 2854 suae
589 2809 700 2856 evidenti
725 2813 754 2860 Et
771 2812 835 2859 inira
847 2827 854 2859 r
866 2817 936 2861 Beati
952 2816 993 2874 qni
1007 2816 1189 2876 persecutionem
1205 2828 1251 2873 pa-

172 2876 343 2925 testificatione
354 2876 496 2936 depromsit.
507 2878 562 2936 lpse
573 2877 640 2923 enim
657 2890 698 2925 re·
725 2884 815 2929 liuntur
821 2885 915 2942 propter
923 2883 1049 2940 ,iustitiam
1060 2882 1158 2928 iustitia
1169 2881 1252 2929 Chris-

172 2957 217 2993 rus
225 2945 313 3005 David,
322 2958 397 2991 manu
406 2945 489 3003 tortis,
498 2958 572 2993 verus
588 2947 699 3008 humilis,
724 2950 763 2995 tus
774 2951 818 2997 ost.
831 2950 980 2998 Sacrificium
991 2963 1048 3010 ergo
1062 2950 1150 2997 Christi
1164 2963 1251 3010 aceep-

173 3015 699 3076 atquemansuetus,primusetnovissimus,
724 3017 799 3065 tabile
818 3019 927 3066 futurum
944 3019 1010 3066 Patri
1025 3018 1124 3065 adserit.
1142 3020 1193 3066 Hoc
1213 3021 1251 3066 est

174 3085 311 3134 eternitate
322 3086 424 3145 primus,
434 3085 574 3132 bumilitate
585 3086 698 3135 ultimus:
724 3098 779 3145 ergo
798 3088 829 3135 de
849 3100 897 3148 quo
915 3089 940 3135 et
960 3100 1032 3148 supra
1052 3087 1087 3134 ait
1098 3101 1105 3133 z
1117 3089 1250 3147 sacrificate

173 3165 219 3213 per
229 3153 299 3212 cujus
309 3154 476 3201 obedientiam
491 3153 592 3201 humani
601 3159 699 3215 generis
722 3158 972 3217 carnficinmjsastr'tioe,
981 3160 1002 3204 et
1009 3160 1099 3217 sperate
1107 3159 1131 3203 in
1139 3159 1248 3204 Domino.

173 3221 246 3280 eulpa
261 3222 359 3280 deleta,
370 3221 556 3278 reiusajustitia
570 3224 616 3269 est.
628 3225 697 3285 lpse,
722 3226 778 3272 llaec
795 3227 833 3274 est
846 3227 948 3283 justinae
969 3226 1085 3286 spiritalis
1099 3226 1205 3286 oblatio,
1225 3227 1250 3274 et

172 3289 288 3348 inquam,
306 3289 377 3336 lesus
390 3290 483 3336 umbrae
500 3290 556 3336 linis
570 3292 596 3338 et
613 3292 697 3351 Legis,
722 3296 890 3343 holocaustum
910 3295 1030 3342 ferventis
1048 3294 1198 3352 devotionis,
1221 3297 1248 3344 et

172 3356 699 3417 advenithumilitatismagisterdoceresu·
723 3363 852 3411 infusionis
869 3363 975 3421 Spiritus
995 3364 1089 3422 sancti,
1111 3364 1176 3423 quod
1187 3363 1249 3412 dicit

171 3426 260 3488 perbos
270 3438 357 3484 sensu,
369 3426 394 3473 et
407 3427 501 3473 tumore
513 3427 592 3474 cordis
602 3429 698 3479 intlatos
722 3433 847 3492 futurum,
867 3445 922 3479 cum
944 3432 975 3479 ad
995 3433 1057 3479 illud
1068 3431 1180 3491 spiritale
1199 3435 1249 3481 Do-

172 3494 205 3542 ad
225 3493 438 3541 mansuetudinem
464 3497 490 3542 et
514 3494 696 3556 simplieitatem
721 3503 782 3548 mini
797 3503 873 3549 altare
885 3501 1005 3560 coeperint
1018 3501 1144 3548 admoveri
1160 3501 1248 3548 animae

173 3574 227 3611 asse
248 3562 410 3621 migrandum.
432 3563 556 3621 Quomodo
578 3566 653 3626 igitur
671 3569 696 3615 in
721 3570 890 3629 credentium,
905 3583 959 3629 qnae
975 3570 1147 3617 renuntiantes
1160 3571 1246 3630 volup-

170 3633 231 3692 typo
242 3631 295 3690 ejus
305 3633 417 3692 mysterii
432 3636 562 3694 peceatum
580 3636 696 3697 imputari
715 3639 889 3699 tatibusatque
896 3639 1000 3698 deliciis,
1007 3640 1244 3699 tamquamaratruin

171 3700 266 3761 potest,
275 3713 331 3747 eum
342 3702 368 3747 in
379 3701 431 3763 ipso
441 3704 557 3762 mysterio
568 3705 600 3752 sit
610 3707 697 3754 remis·
721 3708 747 3755 in
764 3707 899 3754 visceribus
914 3708 964 3755 suis
983 3706 1088 3764 ducant,
1107 3707 1137 3754 ut
1152 3706 1246 3754 tructus

169 3769 206 3818 sio
221 3769 393 3828 peccatorum?
407 3771 458 3818 Nisi
476 3771 537 3820 torte
553 3772 608 3821 ideo
618 3775 695 3823 David
719 3776 814 3835 possint
824 3775 888 3823 terre
899 3776 946 3836 pia
957 3777 1068 3823 culturae.

169 3836 326 3898 iniquitatem
342 3849 423 3898 suam,
441 3842 618 3902 peccatumque
639 3857 697 3892 con·
750 3845 788 3892 ab.
802 3845 848 3892 Vel
864 3845 930 3892 certe
952 3846 986 3892 ita
997 3857 1003 3890 :
1016 3846 1075 3892 Cum
1086 3843 1246 3891 benedixeris

169 3907 249 3956 tessus
263 3907 301 3954 est
317 3906 370 3965 eius
386 3908 500 3968 admissi;
519 3911 548 3958 ut
561 3912 654 3972 etipse
665 3912 696 3959 ad
720 3911 853 3958 Ecclesiam
865 3925 898 3959 ex
914 3911 1029 3971 gentibus
1043 3912 1202 3971 acquisitam,
1219 3913 1246 3960 et

169 3974 338 4025 remlssionem
348 3977 460 4040 peccati,
476 3977 501 4026 et
515 3979 618 4040 gratiam
629 3993 696 4040 mys·
720 3979 831 4037 spiritale
852 3980 998 4026 sacrificium
1012 3979 1115 4038 justitiae
1141 3981 1245 4039 coeperit

168 4043 227 4091 torti
238 4045 384 4111 pertineret.
722 4047 886 4108 frequentari,
906 4046 965 4095 tune
987 4048 1012 4095 et
1029 4050 1149 4110 martyres
1163 4050 1243 4098 saneti
