2752 4784
149 291 192 341 192
529 295 652 338 sineri
666 295 845 341 Anonosrr‘

146 375 394 436 mentisprolnpsione
402 385 524 434 corporeae
531 375 670 434 tragilitatis
728 376 766 421 ll.
784 376 879 421 Bonum
895 371 932 420 est
948 369 976 419 ut
986 369 1011 419 et
1021 369 1117 432 parias,
1129 371 1156 419 et
1167 381 1228 419 eno-

147 443 291 492 inflexerit:
307 443 444 502 meritoque
461 455 475 490 a
491 444 587 491 Christo
598 456 671 504 sopra
695 442 755 490 trias
772 455 838 490 eum.
859 443 895 490 Ne
912 453 999 501 coquos
1015 437 1104 501 opnnm
1126 442 1153 487 in
1170 441 1227 487 lueto

148 524 200 560 esse
212 512 472 572 repreliensum,quod
480 513 590 560 ausussit
598 525 671 559 usur-
694 515 840 569 matrissnoe,
848 509 1036 558 nedicsturtibi
1048 523 1055 555 r
1070 510 1114 558 Voe
1125 511 1152 557 in
1161 510 1226 556 nero

146 592 205 640 pare
215 580 392 640 constantiam,
407 592 454 626 nec
465 580 596 627 obnoxiam
613 593 672 627 con·
694 581 831 629 habentibus
851 583 873 627 st
899 578 1067 626 sernentibus.
1093 577 1137 625 Sic
1161 575 1224 624 enim

147 647 254 694 siderare
265 648 386 694 naturam.
402 646 433 692 Et
452 647 494 693 lric
512 648 612 706 quidem
626 660 672 706 por
695 649 880 697 Christusnatus
891 648 929 695 est
935 646 1100 705 exinaniant
1112 656 1224 706 agnoscas

145 716 249 774 gratiam
262 716 535 776 emendaviterrorern3
547 717 672 764 sedludas
696 730 766 776 eum,
788 718 852 764 sicut
875 717 918 763 bos
938 715 1039 775 agnovit
1058 722 1223 774 possessorem

146 785 236 832 mansit
247 784 274 830 in
285 784 403 844 erimine,
414 786 586 844 perseveravit
596 787 672 845 inge·
695 798 766 833 suum
778 799 785 832 t
797 787 822 834 ot
830 786 892 832 scias
903 785 962 844 quia
977 785 1031 844 ipse
1042 783 1068 830 te
1079 781 1190 840 creavit,
1198 779 1222 827 et

146 851 218 899 mitu.
245 852 327 899 iustus
356 855 409 900 erat
430 867 486 901 cum
504 855 671 914 apostolorum
695 853 800 911 maiores
819 855 873 902 tuos
893 855 946 913 ipse
964 851 1084 911 possedit.
1096 852 1152 897 Non
1169 859 1222 896 eum

146 932 248 967 numero
259 923 402 970 necteretur
414 935 421 967 t
431 923 475 969 sed
483 923 542 982 quia
553 923 672 982 supplan·
695 917 1221 981 quasiparvulumnutrias‚sedqussiverurr

145 989 212 1036 tatus
229 1002 242 1035 a
261 989 356 1037 diabolo
375 992 425 1050 est,
437 992 464 1037 in
480 991 540 1039 locis
550 1004 616 1038 nunc
628 991 672 1039 de·
696 992 769 1050 alque
779 991 917 1050 perlectum
926 992 1006 1036 Deum
1014 1001 1048 1035 ex
1059 999 1121 1034 vcro
1133 986 1160 1033 et
1168 996 1220 1045 per-

145 1057 225 1116 plorat
251 1059 276 1106 ot
304 1059 405 1118 ingemit
434 1059 579 1118 impiorum3
606 1059 672 1118 quod
696 1056 1098 1106 iectoDeonoverisadorandum.
1111 1053 1152 1101 Sic
1167 1063 1219 1100 eun

146 1125 177 1172 de
187 1128 264 1186 gratia
275 1127 306 1175 sit
319 1129 429 1186 relapsus
444 1129 475 1176 ad
491 1140 601 1188 poenam.
610 1130 671 1187 Ergo
695 1127 777 1185 blagus
792 1126 954 1186 adoravit,ut
965 1137 1014 1172 uon
1025 1123 1125 1170 intacto
1139 1120 1220 1168 matris

146 1195 289 1242 cadentibus
304 1196 444 1256 hujusmodl
458 1197 520 1244 viris
531 1196 612 1256 qualis
624 1196 672 1244 fuit
695 1207 785 1254 agnum
801 1195 931 1255 coqueret3
946 1194 990 1241 sed
1002 1192 1073 1252 quasi
1085 1192 1167 1238 Deum
1179 1200 1218 1236 re-

145 1263 255 1320 proditor
264 1265 339 1312 ludas
348 1297 355 1324 ,
364 1265 405 1313 uel
417 1265 474 1313 Saul
484 1278 497 1311 a
506 1265 609 1312 Domino
620 1265 671 1310 Deo
695 1266 823 1312 notaretur
836 1265 967 1312 aeternum.
986 1263 1102 1321 Denique
1122 1260 1152 1307 ut
1166 1268 1217 1306 eum

145 1345 189 1380 suo
209 1335 300 1382 accitus
318 1336 349 1382 ad
367 1348 483 1395 regnum,
504 1335 580 1383 etiam
595 1334 672 1382 iortes
696 1330 841 1390 inveniret,
869 1333 959 1377 eoelum
982 1328 1146 1388 suspiciebat.
1173 1327 1217 1373 lton

144 1402 192 1449 viri
202 1404 365 1463 trepidabant.
695 1411 752 1457 ergo
762 1399 889 1459 quaerebat
899 1400 925 1446 in
937 1399 1024 1456 terris,
1032 1409 1110 1457 quem
1124 1396 1155 1442 de
1163 1394 1217 1442 coslo

176 1472 383 1520 rooonremntes
397 1472 604 1533 deniquequanto
616 1484 671 1519 cer·
695 1467 792 1527 fulgens
812 1469 884 1517 stella
904 1466 1063 1515 monstrabat.
1086 1465 1145 1512 ldeo
1165 1474 1217 1511 eum

145 1537 236 1586 tamine
247 1540 420 1599 perveniretur
434 1542 465 1588 ad
475 1541 562 1599 finem,
573 1541 670 1600 quantae
694 1537 769 1583 blarin
776 1537 973 1597 uonparturivit‚
984 1535 1029 1582 sed
1036 1532 1155 1594 popano
1165 1530 1216 1592 quis

145 1607 303 1654 contritiones
314 1608 448 1668 justorum,
461 1609 559 1668 quantae
575 1609 670 1655 sollici·
695 1604 720 1650 et
734 1606 864 1652 Dominum
878 1606 904 1652 et
917 1604 1023 1652 salutare
1035 1601 1132 1648 sciebat
1148 1612 1179 1647 ex
1192 1610 1215 1645 ss

144 1676 257 1734 tortines,
284 1677 362 1736 qualis
391 1677 559 1736 adversarius,
580 1679 670 1736 quanto
695 1685 747 1721 esse
758 1674 940 1734 generandum,
959 1672 1023 1720 sieut
1046 1672 1100 1730 ipsa
1121 1669 1216 1717 testatur

144 1744 670 1805 diuturnolaborecoutentio‚quantaeama·
694 1741 797 1790 dicens:
817 1743 951 1803 bloprsificot
971 1742 1054 1788 anima
1072 1753 1126 1787 meo
1140 1738 1217 1787 noni·

144 1812 265 1859 ritudines
280 1813 406 1872 praepositi
424 1813 540 1872 terroris,
550 1827 605 1873 quse
616 1814 670 1861 vin·
693 1825 751 1859 enm
762 1827 770 1859 s
781 1816 803 1860 et
818 1814 908 1860 loetotns
916 1814 948 1859 est
956 1813 1050 1870 spiritns
1061 1822 1128 1857 mens
1138 1809 1163 1855 in
1171 1809 1215 1856 Dso

145 1881 200 1927 cula
208 1881 377 1941 continentis,
386 1895 440 1940 quae
450 1882 605 1929 conscientiae
614 1895 671 1930 ver·
693 1883 794 1930 solutari
803 1896 862 1929 meo.
870 1881 908 1927 lbi
920 1893 977 1940 ergo
987 1879 1085 1927 dolores
1092 1876 1158 1925 sieut
1166 1887 1215 1937 par-

144 1947 216 2009 bora,
225 1963 274 1998 non
286 1951 442 1998 mediocriter
449 1951 668 2011 conturbabantur3
693 1951 818 1998 turientis.
829 1950 902 1997 Dolor
914 1950 951 1996 est
961 1947 1137 2007 utparturias,
1151 1945 1214 1992 ‹lolor

144 2030 176 2065 ne
187 2019 242 2077 quis
252 2020 326 2067 tantis
337 2021 376 2067 vel
386 2019 510 2066 laboribus
520 2019 578 2067 vita.
587 2021 670 2068 auste—
694 2019 776 2067 estut
802 2018 923 2076 enutrias,
947 2028 1022 2076 quom
1043 2016 1071 2062 in
1097 2012 1214 2074 principio

65 2087 67 2090 ⁴
144 2087 381 2147 rioriscederot,vel
387 2088 521 2136 doloribus.
533 2087 594 2136 Sunt
603 2089 669 2135 enim
694 2090 769 2136 debes
779 2089 870 2135 habere
880 2087 1028 2147 perlectum.

144 2155 180 2202 ibi
192 2156 288 2205 slolores
300 2159 382 2205 acerbi
396 2158 528 2217 etgraves3
540 2157 567 2204 lu
578 2158 631 2217 est,
643 2157 669 2204 in
724 2159 762 2204 ln.
773 2158 879 2216 Ideoque
890 2155 1002 2215 plerique
1013 2152 1122 2214 graviter
1136 2151 1214 2200 sonte

144 2226 265 2285 Ecclesia,
281 2228 307 2274 in
328 2227 372 2274 illa
391 2227 490 2275 civitate
503 2225 577 2286 Regis
588 2228 669 2287 magni
693 2228 795 2285 runtur,
806 2226 870 2274 sieut
879 2225 1016 2273 versiculus
1032 2218 1213 2283 significat,r1ul

143 2296 202 2343 sunt
217 2296 325 2356 dolores,
340 2299 399 2346 sicin
411 2298 578 2357 parturientis,
590 2296 669 2344 donec
693 2296 811 2357 sequutus
828 2295 865 2342 est
879 2307 886 2340 r
898 2297 926 2342 in
936 2294 1020 2353 spirits
1030 2291 1215 2339 oclnmenticon·

144 2363 262 2412 formetur
272 2365 591 2424 Christusinnobis.lteque
603 2365 669 2412 euim
694 2369 750 2413 teres
765 2377 834 2412 nares
851 2364 956 2410 Tbersis.
968 2361 1029 2406 Nam
1047 2359 1107 2406 dum
1123 2353 1215 2405 annosi

143 2434 197 2480 sine
219 2434 302 2482 dolore
322 2437 411 2482 Paulus
421 2433 488 2493 erat,
499 2446 555 2480 curn
573 2433 670 2481 videret
693 2432 868 2493 perlectionem
878 2431 924 2478 Dei
934 2427 1021 2476 famuli
1035 2425 1169 2490 perrenire
1178 2424 1216 2473 (le-

143 2501 171 2547 in
192 2503 282 2549 Galatis
297 2503 473 2562 insipientibus
487 2501 603 2549 doctrinae
619 2515 669 2549 suae
694 2501 814 2558 siderant,
836 2496 1015 2546 commacerant
1032 2508 1122 2556 eorpus
1132 2506 1215 2552 suum,

143 2571 275 2618 tardiorem
285 2570 431 2631 proiectum.
444 2570 548 2628 Ideoque
557 2570 668 2617 dicebat:
694 2568 831 2628 castigando
851 2567 975 2624 severius,
997 2565 1023 2612 et
1040 2565 1175 2625 redigendo
1192 2563 1216 2610 in

143 2640 222 2687 Filioli
231 2641 288 2695 mei,
306 2653 362 2698 qnos
372 2641 455 2684 iterem
462 2640 570 2697 portorio
580 2669 588 2694 ,
599 2640 669 2686 dones
693 2637 857 2684 ministerium
868 2635 1007 2692 servitutis3
1017 2645 1049 2679 ne
1059 2633 1216 2694 reprobentur

143 2707 257 2767 formetur
267 2708 371 2756 Christos
379 2710 403 2753 in
411 2706 638 2754 vobis.Testiiicntur
644 2710 670 2756 et
692 2708 734 2767 qui
745 2706 844 2754 fuerant
853 2705 903 2764 jam
913 2704 1020 2765 probati.
1028 2705 1081 2752 Hoc
1092 2704 1174 2752 autem
1185 2702 1217 2749 ia·

143 2777 261 2824 Dominus
272 2777 298 2823 iu
310 2776 439 2836 Evangelio
451 2789 536 2836 graves
548 2788 601 2823 esse
612 2791 670 2836 pur·
693 2775 762 2823 ciunt
777 2777 804 2822 in
828 2775 922 2836 Spiritu
942 2774 1026 2821 sancto
1044 2773 1127 2822 valido
1148 2774 1216 2832 atque

142 2843 258 2891 turientis
274 2844 382 2902 dolores3
401 2857 457 2890 cum
473 2843 535 2905 dicit
551 2845 668 2903 rmntios,
692 2844 844 2892 vehementi.
857 2844 899 2891 Est
920 2843 986 2890 enim
1001 2842 1105 2902 spiritus
1125 2837 1217 2888 consilii

142 2923 195 2958 curn
206 2913 320 2971 porterit,
330 2913 446 2959 tristitiom
454 2911 536 2968 babet,
544 2913 599 2971 onio
607 2915 669 2960 venit
693 2914 766 2972 atque
777 2912 884 2972 virtutis,
891 2912 919 2959 ut
928 2911 1005 2958 nimia
1014 2910 1165 2958 abstinentia
1173 2909 1217 2956 slis·

143 2982 189 3028 dies
199 2981 248 3040 eins
260 2995 268 3028 .·
279 2994 331 3027 enm
348 2983 426 3027 entem
434 2983 547 3040 pepererit
554 2993 653 3040 porrum
659 3013 668 3038 ‚
692 2982 789 3029 solvant
810 2993 896 3040 corpus
907 2992 992 3038 suum,
1009 2992 1058 3040 quo
1069 2991 1154 3026 omnes
1169 2977 1216 3034 eius

141 3050 192 3110 inin
205 3063 253 3115 non
270 3052 376 3098 meminit
387 3052 486 3098 tristities
500 3051 594 3110 propter
609 3063 669 3109 gon·
693 3050 813 3098 evacuent
832 3049 983 3108 voluptatcs3
1001 3049 1029 3096 ut
1040 3048 1137 3096 dicatur
1150 3047 1215 3094 illisi

142 3116 477 3180 dinm;qnionotnsestbomo'
487 3122 511 3166 in
521 3119 667 3167 lroernnnrlo.
693 3119 845 3167 Convalescite
862 3130 947 3165 manns
971 3118 1088 3175 remissos,
1104 3119 1127 3164 rt
1146 3127 1217 3176 penso
1234 3179 1237 3183 ¹

142 3189 240 3248 llagnus
248 3202 305 3248 ergo
314 3189 395 3247 labor,
403 3189 431 3236 ut
437 3187 525 3248 aliquis
533 3188 580 3235 sibi
589 3188 669 3234 Chris·
692 3190 810 3237 dissoluto.
823 3188 882 3234 (lum
894 3187 960 3233 enim
972 3187 1065 3234 solutus
1076 3186 1131 3246 quis
1146 3177 1216 3234 luerit

141 3257 195 3303 turn
223 3257 350 3316 adoniram
374 3268 406 3304 ne
427 3257 480 3304 sine
505 3256 668 3314 gubernatore
692 3257 781 3304 abista
796 3269 911 3317 compage
927 3256 1040 3313 terrena,
1056 3256 1117 3302 tunc
1135 3254 1216 3303 sorsin

141 3325 211 3383 quasi
218 3325 288 3371 navis
295 3324 320 3370 in
329 3325 412 3372 saeculi
422 3325 492 3371 istius
499 3324 549 3370 salo
556 3323 666 3370 tluctuet.
692 3326 723 3372 ad
739 3326 815 3372 uitam
834 3324 940 3384 resurgit
957 3327 1083 3372 aeternam.
1102 3325 1214 3380 Mentior,

141 3394 255 3452 Denique
271 3393 374 3451 apostoli
385 3393 469 3441 tristes
481 3394 563 3451 erant,
573 3404 629 3438 eum
642 3405 667 3439 se
691 3393 739 3439 nisi
749 3392 910 3452 adstipulatur
921 3394 1064 3453 Scriptura,
1077 3407 1132 3453 quae
1143 3391 1214 3440 dicit:

143 3460 250 3508 Christus
258 3460 288 3506 ad
295 3460 391 3506 Patrem
405 3460 543 3508 rediturum
552 3471 603 3506 esse
615 3473 668 3506 me·
691 3463 877 3510 Dissolrietenm
884 3464 975 3511 Christo
984 3465 1120 3520 esse‚rnnlto
1129 3463 1213 3510 mesos

142 3530 260 3588 moraret,
270 3530 335 3588 quod
347 3529 448 3576 absente
458 3531 554 3575 rectore
565 3528 667 3576 destitui
691 3531 738 3589 Qui
749 3530 904 3589 dissolvitur,
917 3531 1005 3590 incipit
1012 3543 1066 3578 esse
1073 3544 1130 3578 cum
1139 3529 1214 3579 cuns-

142 3608 168 3644 se
178 3597 301 3656 putarent.
310 3597 432 3644 Gaudium
440 3595 549 3643 Christus
558 3597 603 3643 est.
613 3598 667 3656 lpse
692 3600 725 3647 to.
741 3600 770 3646 Et
788 3600 866 3646 alibi:
882 3603 980 3660 Tempsis
997 3613 1055 3647 rnen
1076 3599 1214 3648 resolntionts

142 3666 180 3711 est
189 3665 214 3711 et
222 3677 283 3723 puer
291 3677 364 3724 quem
374 3665 496 3723 parturit,
508 3665 587 3724 quiin
596 3667 666 3712 utero
691 3671 770 3718 insint.
787 3669 834 3726 Qui
846 3682 903 3728 ergo
912 3669 1046 3716 meditatus
1058 3668 1136 3716 luerit
1144 3681 1170 3718 se
1180 3666 1214 3727 ip·

142 3745 192 3780 suas
212 3733 303 3779 mentis
320 3732 416 3792 accepit
435 3733 547 3792 spiritum
573 3735 666 3781 salotis.
691 3751 744 3784 sum
756 3737 888 3784 dissolvere
899 3750 945 3797 per
953 3735 1212 3797 abstinentissimum

141 3803 188 3862 Qui
199 3801 337 3863 pepererit,
349 3802 375 3849 et
387 3802 531 3862 enutrierit,
543 3805 666 3851 exsnltats
692 3804 809 3863 passionis
817 3817 867 3850 sum
875 3806 962 3851 timere
970 3816 1019 3851 non
1027 3805 1128 3864 poterit.

142 3872 185 3931 qui
199 3869 318 3931 parturit,
336 3870 445 3930 quatitur
461 3873 534 3932 atquo
550 3885 668 3932 eompun-
718 3870 1214 3932 lb.Etbcnenitspiritumvehomeutsm
1232 3874 1237 3880 '

140 3941 213 3998 gitur.
692 3953 767 3989 navos
779 3941 898 3988 dicturus.
910 3943 988 3989 Nares
1001 3943 1083 3992 autem
1095 3943 1125 3992 do
1138 3951 1211 4000 eorpo-
