2760 4794
215 498 248 546 Di)
614 496 739 544 sancii
751 499 910 543 nnlunosn

216 579 346 636 senectus,
355 576 398 639 qui
409 578 562 638 animusque
572 578 746 637 inlinernper-
771 580 800 627 et
811 580 865 626 ideo
882 581 928 626 liae
944 589 1029 625 seman
1040 577 1142 626 Abrabae
1153 590 1231 639 panos
1242 577 1305 626 istos

217 646 381 706 sereraverlt,
393 646 434 694 bic
449 646 533 694 sulvus
544 646 601 693 erit.
615 647 683 693 Unde
697 658 746 694 non
771 649 860 715 quibus
870 648 1009 707 praebeatur
1022 648 1154 707 corporalis
1165 647 1303 708 admenta,

217 713 386 774 perfunctorie
411 715 441 762 de
462 715 603 774 patriarcba
623 716 744 762 Abrabam
771 728 819 762 nan
833 717 950 776 requirii3
965 716 1022 775 quia
1038 716 1113 763 babet
1126 727 1216 775 panem
1225 715 1305 774 justi-

188 840 191 847 .
215 781 309 829 dictum
325 784 376 844 est,
392 784 457 844 quod
474 784 583 832 nutritus
594 786 659 832 esset
670 785 695 831 in
705 797 745 831 se-
770 785 825 843 iian,
838 787 880 844 qui
892 784 1018 832 descondit
1026 785 1057 832 de
1067 785 1139 832 coelo.
1150 784 1221 832 Sicut
1230 784 1303 831 enim

214 853 316 898 nectute
325 851 397 899 bona.
407 854 436 898 et
446 853 570 899 lohannes
581 864 658 899 senex
670 853 744 912 coepit
770 854 888 911 negantur
895 852 940 899 lilii
950 853 1052 900 Abrabae
1060 853 1103 913 qui
1112 863 1186 912 opera
1195 852 1304 901 libralia

214 919 552 980 scribereEranqelium,vel
560 921 744 982 Epistulas,qui
769 932 818 968 non
829 921 934 969 fecerint
945 935 951 967 a
963 921 998 968 ita
1014 933 1099 968 semen
1110 921 1216 969 Abrabae
1225 921 1302 982 suut,

214 1000 271 1035 cum
287 987 413 1048 refugeret
427 990 563 1050 apostolum
579 1003 605 1037 se
622 990 743 1049 scribere,
770 989 795 1036 el
803 989 868 1036 inter
876 990 939 1036 lilios
946 990 1165 1051 recipiuntur‚qui
1174 1001 1236 1048 opus
1245 988 1303 1047 ejus

213 1057 336 1106 seniorem
346 1059 464 1118 scripsit:
478 1071 526 1105 nec
540 1059 621 1107 minor
633 1059 744 1106 estaesti-
769 1057 903 1107 elleeerint.
915 1060 1006 1105 Verum
1016 1059 1118 1106 Abrabae
1129 1057 1302 1118 semenEliu,

213 1129 310 1188 maius,
321 1127 361 1175 cui
372 1140 465 1187 cygnea
473 1127 586 1187 quaedam
598 1127 743 1187 suppeteret
768 1126 808 1172 cui
823 1127 930 1186 Angelus
944 1127 1061 1174 alimenta
1076 1125 1217 1186 praebebat,
1229 1125 1258 1172 et
1272 1125 1302 1172 iu

212 1196 290 1254 qratia
310 1195 453 1243 senectutis.
471 1198 525 1255 lpse
547 1198 592 1244 Vas
615 1197 743 1244 electionis
768 1194 859 1242 virtute
875 1208 937 1242 esce
948 1196 1016 1242 illius
1027 1194 1188 1255 quadraginta
1199 1194 1302 1241 dicrum

212 1263 343 1312 dominicae
354 1264 464 1312 scribens
473 1265 504 1312 ad
514 1265 683 1313 Philemonem
695 1266 740 1312 ait:
768 1263 897 1311 curriculis
914 1265 1062 1311 ambulabat.
1081 1265 1133 1310 Non
1151 1261 1302 1324 requirebat

153 1350 158 1355 ·
212 1336 273 1382 Cam
292 1337 325 1383 sia
340 1335 407 1392 tatis,
420 1337 446 1382 al
464 1337 552 1383 Paulae
573 1348 659 1393 noea,
680 1348 743 1382 aune
768 1331 839 1378 istam
854 1333 1301 1392 corporishuiusalimoniamrcmm

212 1407 292 1452 aulem
302 1407 324 1452 ei
337 1406 429 1452 ainaim
440 1405 527 1453 carim
537 1407 605 1460 lesa,
612 1402 709 1463 lobnam
721 1409 742 1452 te
767 1411 851 1446 semen
859 1402 961 1448 Abrahae
968 1434 976 1460 ,
984 1402 1024 1448 cui
1032 1413 1109 1461 panes
1119 1399 1301 1447 deferebantur

210 1487 254 1532 pro
264 1485 316 1520 meo
331 1473 396 1532 filia,
409 1486 476 1532 quem
492 1475 570 1532 qenait
586 1475 612 1518 ia
629 1473 726 1520 vinculat
732 1504 741 1529 ‚
767 1468 798 1516 de
810 1470 881 1516 coelo.
892 1471 1006 1531 Denique
1014 1470 1081 1517 corvi
1090 1468 1114 1517 ei
1125 1468 1301 1529 quotidianum

213 1541 332 1588 marimo.
348 1541 440 1588 Valens
457 1539 541 1599 itaque
558 1540 596 1586 illi
607 1539 741 1599 plurimum
767 1538 907 1586 convivium
935 1539 1118 1588 ministrabant.
1140 1538 1177 1585 lta
1198 1537 1302 1597 indigus

213 1609 327 1667 deterre,
337 1610 429 1658 seniori
435 1610 509 1657 Paulo
519 1609 741 1669 eum,nonjureni
767 1608 819 1653 erat
834 1609 957 1667 omnium,
974 1610 1002 1656 ut
1012 1609 1074 1656 nibil
1087 1607 1191 1655 baberet
1207 1619 1301 1667 suum,

212 1679 379 1739 compararit3
396 1678 421 1725 et
434 1678 469 1725 ibi
488 1691 514 1726 se
525 1691 610 1726 senem
625 1691 678 1726 esse
689 1681 742 1739 glo-
767 1675 792 1722 et
802 1676 947 1725 mittebatur
955 1679 982 1725 ut
988 1679 1083 1726 victum
1090 1677 1146 1724 aliis
1154 1676 1300 1735 largiretur.

211 1746 291 1793 rialus
304 1746 355 1805 est,
370 1747 413 1794 ubi
426 1746 511 1804 iamin
521 1748 629 1796 vinculis
639 1748 741 1794 teneba-
766 1745 858 1794 Verum
873 1760 958 1795 semen
968 1748 1069 1806 Daniel,
1081 1747 1122 1794 cui
1133 1746 1200 1793 inter
1210 1745 1302 1795 leones

210 1816 261 1862 tur.
276 1814 306 1861 Et
317 1815 400 1863 ridete
416 1816 558 1864 distantiam
576 1828 583 1862 a
600 1816 741 1864 adolescens
766 1817 844 1875 posito
860 1828 931 1864 aerea
947 1817 1046 1864 fercula
1056 1830 1101 1877 per
1112 1815 1227 1863 llabacuc
1241 1827 1305 1875 pro-

211 1884 362 1956 significatus
371 1887 408 1933 est
419 1885 445 1931 in
456 1886 557 1933 alterius
567 1886 694 1945 passione,
703 1899 741 1933 se·
765 1885 867 1945 phetam
877 1885 968 1933 relecta
979 1894 1114 1932 messorum
1125 1884 1207 1944 epulis
1217 1885 1301 1933 relie-

210 1964 262 1999 nex
273 1953 300 2000 in
308 1965 361 2015 sua.
373 1955 409 2001 lbl
419 1955 447 2001 ut
460 1955 616 2012 adolescens3
628 1955 685 2013 quia
696 1956 741 2002 Ju-
766 1955 864 2002 bantur.
871 1955 912 2002 Est
918 1967 974 2014 ergo
981 1955 1306 2015 panisilngelorummnem·
1343 1976 1350 1987 e

211 2021 739 2083 daeorumrestimentaservabat:bicsenex‚
766 2023 922 2070 manducavit
943 2025 1015 2071 bomo
1025 2037 1032 2083 ;
1043 2025 1078 2071 sic
1092 2024 1159 2070 enim
1175 2022 1302 2083 scriptum

210 2090 255 2137 ubi
269 2092 307 2138 sui
321 2092 428 2151 corporis
439 2093 542 2140 exuvias
558 2091 674 2138 exuebat.
690 2093 740 2139 De-
765 2092 1299 2154 estaPaaemAaqelorammoaducaeittomo.

211 2157 287 2218 nique
303 2159 329 2206 et
344 2161 429 2207 Petrus
442 2160 478 2206 ibi
490 2172 568 2207 senex
583 2159 687 2219 dicitur,
696 2161 738 2207 ubi
765 2162 810 2210 llic
821 2163 857 2209 est
867 2162 945 2222 panis,
957 2163 988 2209 de
1001 2173 1049 2221 quo
1061 2160 1126 2207 dixit
1136 2159 1219 2207 David
1230 2163 1302 2209 aDo-

211 2227 337 2275 certamen
359 2229 396 2276 est
415 2227 534 2287 passionis
551 2240 558 2273 ε
571 2229 631 2277 Cam
640 2229 738 2288 junior,
765 2233 840 2278 minus
848 2232 922 2290 pascit
929 2244 980 2287 me,
992 2232 1014 2277 ei
1027 2230 1087 2277 nibil
1099 2229 1157 2276 mibi
1166 2230 1240 2276 deerit
1251 2244 1262 2276 .·
1272 2230 1301 2277 ias

210 2293 308 2354 inquit,
320 2310 379 2344 cases
384 2329 393 2354 ,
403 2297 510 2356 ca'aqebas
521 2298 556 2353 ie,
567 2297 590 2344 ct
600 2297 739 2345 ambulabas
764 2300 812 2346 loco
823 2300 893 2346 vividi
901 2299 934 2345 ibi
942 2299 1110 2347 rarecollocaoil.
1120 2301 1195 2358 Super
1206 2311 1301 2358 oqacuur

180 2365 185 2378 “
210 2363 252 2411 abi
269 2365 445 2413 volebacacam
462 2368 542 2413 naum
560 2369 680 2423 senueris,
695 2380 739 2413 aa·
764 2367 1153 2426 refectionisedacooitme.Bonus
1161 2365 1300 2415 Daviddo·

209 2433 382 2482 icadcoanoaacs
398 2437 463 2491 luas,
475 2437 497 2482 el
509 2435 569 2481 aliua
580 2437 602 2481 te
618 2435 706 2494 cincei,
717 2438 739 2482 et
764 2435 817 2482 cuit
838 2448 878 2482 me
897 2447 986 2495 panem
1005 2436 1164 2495 Angelorum,
1187 2435 1215 2481 et
1235 2435 1296 2494 ipse

209 2502 276 2549 ducet
288 2515 333 2561 quo
352 2505 378 2550 iu
392 2516 441 2550 aaa
455 2505 500 2550 oie.
512 2504 561 2549 Hoc
574 2505 737 2561 autemdicit,
765 2515 804 2549 me
819 2502 903 2550 docuit
916 2515 1004 2562 aquarn
1014 2503 1170 2561 relectionis.
1183 2503 1243 2550 llaec
1254 2515 1300 2551 re-

208 2570 343 2630 oiqnificans
357 2583 405 2629 qua
416 2571 491 2616 anortc
502 2571 674 2628 clarificaturus
682 2575 739 2619 esset
764 2570 1298 2629 lectiospiritalisest,haecrelectiorequics

209 2640 294 2685 Deuaa
314 2638 377 2684 Ante
393 2639 518 2683 certarnen
536 2636 621 2694 junior
632 2638 738 2698 dicitur,
764 2641 802 2686 est
821 2640 910 2687 mentis
931 2640 1045 2688 iuternae.
1062 2640 1128 2685 Boua
1147 2651 1226 2698 aqua,
1238 2652 1299 2698 quae

209 2707 236 2754 in
246 2706 380 2752 carmaniae
388 2705 738 2764 senex,quiomnecertamen
763 2708 891 2767 peccatum
907 2709 987 2765 lavat,
999 2707 1102 2754 mundat
1115 2709 1222 2754 interna.
1233 2707 1299 2765 Quae

208 2775 359 2834 impleverit.
382 2774 433 2821 lloc
452 2786 510 2834 erqo
528 2775 590 2821 dicit
604 2776 685 2821 David
695 2776 738 2822 ille
764 2776 795 2822 sit
805 2787 867 2838 aqua
878 2776 944 2835 haec,
955 2774 1299 2835 audiamus.Siqaie‚iuquit,

209 2843 375 2901 injuventute
389 2844 509 2901 bellator,
520 2841 546 2889 in
557 2844 685 2891 senectute
694 2857 739 2903 pa·
763 2845 824 2899 silit,
835 2844 915 2891 aeaiol
926 2845 957 2891 ad
974 2857 1024 2899 me,
1037 2846 1059 2890 et
1071 2842 1143 2890 bibat.
1156 2845 1202 2902 Qui
1222 2845 1301 2892 credit

209 2912 292 2961 cificus
303 2923 311 2956 a
322 2913 416 2960 Iuvenis
422 2945 430 2969 ,
450 2912 545 2971 inquit,
557 2913 610 2972 fai3
622 2913 666 2959 sed
681 2914 738 2959 nolo
763 2912 789 2956 ia
799 2925 849 2968 me,
860 2912 919 2959 sicut
937 2912 992 2957 dicit
1004 2912 1140 2970 Scriptura,
1149 2912 1253 2969 flamina
1269 2913 1300 2959 de

208 2990 249 3027 me
254 2978 335 3025 adbuc
339 2978 458 3036 iuvenem
463 2979 548 3040 putes:
558 2983 723 3029 Etenimaenui
729 3014 737 3038 ,
763 2983 842 3027 uentre
853 2979 901 3038 aaa
910 2981 982 3037 lineat
993 2993 1060 3039 aqaae
1071 2982 1137 3027 viee.
1153 2982 1203 3026 lloc
1214 2983 1302 3028 autem

208 3052 231 3097 et
240 3062 288 3096 aaa
295 3050 343 3097 vidi
348 3050 439 3108 justam
448 3051 595 3108 derelictam,
604 3063 646 3097 aec
661 3063 738 3098 senua
764 3050 852 3095 dicebat
862 3051 888 3095 de
899 3050 1002 3108 Spiritu,
1020 3062 1088 3108 qoem
1099 3048 1240 3109 incipiebant
1252 3063 1301 3096 ac·

209 3117 259 3177 ejus
270 3131 376 3179 quierem
384 3133 478 3179 panem.
764 3121 852 3178 cipere,
868 3119 910 3178 qai
916 3119 1026 3164 credituri
1042 3119 1110 3164 eraut
1121 3119 1147 3164 ia
1157 3130 1220 3163 eum.
1231 3117 1301 3177 Ergo

240 3187 278 3234 iil.
295 3188 365 3246 Quod
382 3187 419 3235 est
436 3199 522 3235 semen
536 3186 618 3246 jasua
636 3188 738 3236 Abralaoe
763 3199 809 3233 uec
821 3187 866 3233 hoa
877 3198 955 3245 pane,
966 3198 1012 3232 nec
1028 3198 1091 3244 aqua
1102 3185 1246 3232 relectionis
1256 3185 1300 3232 in·

208 3257 274 3303 dicloe
288 3258 343 3303 eant
354 3256 532 3315 promissiones,
544 3256 660 3318 atramini
674 3256 738 3314 ejus,·
763 3255 831 3313 diget
843 3255 936 3313 justus,
954 3255 993 3301 cui
1011 3254 1117 3314 Spiritus
1136 3255 1236 3302 sauctus
1259 3254 1301 3304 est

207 3336 257 3371 noa
275 3324 330 3370 dicit
342 3337 350 3368 :
364 3325 396 3368 lii
413 3323 552 3378 seminibus,
573 3324 695 3380 taaaqaaaa
713 3324 738 3368 ia
764 3323 861 3382 requies
873 3323 1018 3371 etreiectio.

207 3393 302 3451 mallim
317 3391 422 3438 sedaicat
434 3392 461 3436 ia
472 3402 519 3436 aao
530 3404 538 3448 ;
551 3391 583 3435 Et
593 3390 676 3436 scanni
684 3391 722 3435 tuo
728 3421 737 3445 ,
793 3391 831 3438 62.
841 3392 966 3450 Quomodo
974 3393 1057 3440 autem
1068 3391 1160 3452 poterit
1169 3390 1301 3452 indigere,

208 3461 270 3520 qaod
288 3460 322 3506 eal
341 3458 456 3507 Christus.
479 3457 542 3503 Audi
558 3456 618 3514 justi
642 3468 736 3503 semen.
763 3461 806 3520 qni
819 3465 866 3527 loia
877 3463 911 3508 die
921 3463 1044 3509 miseretur
1055 3465 1077 3509 el
1092 3460 1212 3521 [caerati
1226 3459 1302 3517 Quid

208 3526 738 3586 Fl'li'0ll'meiaiil⁰⁸0t⁰llarl1⁴li⁰awiccior-
764 3530 874 3589 estquod
892 3528 996 3576 foenerat
1010 3530 1168 3588 justusillcn
1183 3541 1231 3587 aes,
1242 3541 1300 3580 nou

135 3638 140 3645 .
209 3599 286 3643 metor
302 3595 408 3643 Clarislua
419 3596 445 3641 ia
453 3596 527 3642 uobis.
536 3596 565 3640 Et
577 3606 642 3640 nunc
652 3594 672 3639 si
682 3595 737 3653 quis
764 3599 871 3658 terrum,
882 3610 931 3644 non
941 3599 1069 3658 plumbum
1081 3613 1087 3645 :
1100 3598 1144 3646 sed
1161 3598 1299 3656 argeutum

209 3662 368 3722 exgentibus
384 3663 488 3710 veniens
503 3674 641 3710 sermonem
654 3663 736 3711 audiat
763 3668 812 3725 igni
827 3667 1003 3714 examinatum.
1016 3668 1066 3714 lloc
1077 3666 1157 3713 defert
1176 3665 1208 3712 ad
1219 3677 1298 3715 meu·

208 3732 332 3790 nostruin,
342 3731 367 3778 et
383 3731 502 3777 Dominus
511 3731 597 3789 iuvare
609 3730 736 3791 dignetur,
762 3749 812 3782 sana
824 3735 936 3793 Domini,
949 3736 974 3782 et
986 3735 1076 3783 dividit
1086 3733 1275 3794 requirentibus
1289 3748 1299 3785 e

208 3801 238 3848 ut
257 3800 376 3848 formetur
394 3801 503 3848 Christus
524 3799 551 3846 in
567 3799 649 3847 animo
668 3800 736 3860 eius,
763 3804 802 3851 cni
813 3816 902 3862 unam,
913 3804 953 3850 cui
963 3803 1036 3863 duas,
1047 3805 1087 3850 eui
1101 3803 1211 3863 quinque
1222 3815 1299 3853 mnas

208 3883 256 3930 quo
266 3869 351 3931 partus
360 3870 418 3917 lidei
428 3869 491 3916 ierat
502 3880 509 3914 a
522 3881 606 3916 semen
621 3869 644 3915 ei
655 3869 738 3916 Chris·
762 3872 872 3931 quotidie
891 3871 994 3931 dividit,
1007 3874 1032 3919 et
1048 3883 1181 3932 numquam
1198 3870 1298 3921 delicit.

208 3940 248 3986 tus
267 3939 323 3986 erit.
335 3936 425 3986 lllic'in
435 3939 548 3998 utroque.
559 3937 737 3984 abrahamitae·
763 3941 812 3988 Sed
828 3940 1016 3987 loeneratiouem
1030 3940 1169 3988 audivimus
1183 3939 1210 3985 in
1226 3941 1299 4000 Lege

208 4020 257 4066 que
275 4008 301 4055 et
315 4006 481 4068 generationis
498 4008 569 4066 pater
577 4008 631 4055 erat
648 4018 737 4054 seeuu-
762 4009 952 4067 reprehensam,
967 4007 1064 4056 dicente
1075 4009 1156 4067 lloyse
1166 4020 1173 4053 a
1182 4009 1237 4055 llon
1247 4009 1300 4066 {ce-

208 4073 267 4120 dam
277 4087 390 4134 carnem,
398 4074 424 4121 et
434 4074 456 4122 is
466 4074 508 4135 qui
519 4074 624 4122 verbum
637 4075 737 4122 Domini
762 4077 864 4125 sanabis.
875 4075 974 4136 Duplex
982 4077 1020 4124 est
1030 4076 1160 4124 loeneratio
1170 4089 1177 4121 :
1188 4087 1300 4135 unape-

207 4140 736 4206 inpeetoribusiustorumpriruusinfuderit.
763 4141 1298 4209 cuniae,alieraqratiae.Dirideutramquc3
