<?xml version="1.0" encoding="UTF-8"?>
<!DOCTYPE html PUBLIC "-//W3C//DTD XHTML 1.0 Transitional//EN"
    "http://www.w3.org/TR/xhtml1/DTD/xhtml1-transitional.dtd">
<html xmlns="http://www.w3.org/1999/xhtml" xml:lang="en" lang="en">
 <head>
  <title>
</title>
<meta http-equiv="Content-Type" content="text/html;charset=utf-8" />
  <meta name='ocr-system' content='tesseract 3.04.00' />
  <meta name='ocr-capabilities' content='ocr_page ocr_carea ocr_par ocr_line ocrx_word'/>
</head>
<body>
  <div class='ocr_page' id='page_1' title='image "./operaomnia00ambrgoog_0302.png"; bbox 0 0 2760 4794; ppageno 0'>
   <div class='ocr_carea' id='block_1_1' title="bbox 430 294 1240 361">
    <p class='ocr_par' dir='ltr' id='par_1_1' title="bbox 430 294 1240 361">
     <span class='ocr_line' id='line_1_1' title="bbox 430 294 1240 361; baseline 0.012 -10"><span class='ocrx_word' id='word_1_1' title='bbox 430 305 463 351; x_wconf 85' lang='lat' dir='ltr'>ru</span> <span class='ocrx_word' id='word_1_2' title='bbox 478 294 982 358; x_wconf 77' lang='lat' dir='ltr'>nsaannncxvrrrnxnosrrro.&#39;</span> <span class='ocrx_word' id='word_1_3' title='bbox 1193 307 1240 361; x_wconf 77' lang='lat' dir='ltr'>sos</span> 
     </span>
    </p>
   </div>
   <div class='ocr_carea' id='block_1_2' title="bbox 101 359 1289 3924">
    <p class='ocr_par' dir='ltr' id='par_1_2' title="bbox 137 359 1241 588">
     <span class='ocr_line' id='line_1_2' title="bbox 152 359 1241 460; baseline 0.012 -29"><span class='ocrx_word' id='word_1_4' title='bbox 152 359 689 460; x_wconf 41' lang='lat' dir='ltr'>&#39;Obristtimagluesambulamusidaveamus</span> <span class='ocrx_word' id='word_1_5' title='bbox 712 391 1241 455; x_wconf 80' lang='lat' dir='ltr'>quidemtobnumquamamtsissetproprias</span> 
     </span>
     <span class='ocr_line' id='line_1_3' title="bbox 156 453 1241 521; baseline 0.013 -24"><span class='ocrx_word' id='word_1_6' title='bbox 156 454 193 497; x_wconf 84' lang='lat' dir='ltr'>trs</span> <span class='ocrx_word' id='word_1_7' title='bbox 210 463 325 500; x_wconf 91' lang='lat' dir='ltr'>coronam</span> <span class='ocrx_word' id='word_1_8' title='bbox 341 453 444 514; x_wconf 88' lang='lat' dir='ltr'>imagini</span> <span class='ocrx_word' id='word_1_9' title='bbox 461 456 590 504; x_wconf 84' lang='lat' dir='ltr'>detrahere</span> <span class='ocrx_word' id='word_1_10' title='bbox 601 458 688 506; x_wconf 81' lang='lat' dir='ltr'>videa·</span> <span class='ocrx_word' id='word_1_11' title='bbox 713 459 857 521; x_wconf 75' lang='lat' dir='ltr'>facultates,</span> <span class='ocrx_word' id='word_1_12' title='bbox 877 461 926 509; x_wconf 90' lang='lat' dir='ltr'>nisi</span> <span class='ocrx_word' id='word_1_13' title='bbox 944 461 1008 513; x_wconf 89' lang='lat' dir='ltr'>esset</span> <span class='ocrx_word' id='word_1_14' title='bbox 1027 461 1131 510; x_wconf 90' lang='lat' dir='ltr'>traditus</span> <span class='ocrx_word' id='word_1_15' title='bbox 1152 462 1241 511; x_wconf 87' lang='lat' dir='ltr'>adver-</span> 
     </span>
     <span class='ocr_line' id='line_1_4' title="bbox 137 520 1241 588; baseline 0.012 -23"><span class='ocrx_word' id='word_1_16' title='bbox 137 520 686 584; x_wconf 68' lang='lat' dir='ltr'>&#39;nnnquamunicuiqueChristusimposuit.</span> <span class='ocrx_word' id='word_1_17' title='bbox 712 530 782 575; x_wconf 86' lang='lat' dir='ltr'>sarias</span> <span class='ocrx_word' id='word_1_18' title='bbox 799 529 924 588; x_wconf 79' lang='lat' dir='ltr'>potestati.</span> <span class='ocrx_word' id='word_1_19' title='bbox 942 529 1017 577; x_wconf 85' lang='lat' dir='ltr'>Dedit</span> <span class='ocrx_word' id='word_1_20' title='bbox 1033 530 1100 576; x_wconf 89' lang='lat' dir='ltr'>enim</span> <span class='ocrx_word' id='word_1_21' title='bbox 1120 531 1241 578; x_wconf 84' lang='lat' dir='ltr'><strong>Dominus</strong></span> 
     </span>
    </p>

    <p class='ocr_par' dir='ltr' id='par_1_3' title="bbox 111 582 1241 2221">
     <span class='ocr_line' id='line_1_5' title="bbox 111 582 1241 656; baseline 0.01 -22"><span class='ocrx_word' id='word_1_22' title='bbox 111 640 117 647; x_wconf 49' lang='grc'>,</span> <span class='ocrx_word' id='word_1_23' title='bbox 153 582 293 638; x_wconf 58' lang='lat' dir='ltr'>Careamus</span> <span class='ocrx_word' id='word_1_24' title='bbox 315 603 347 638; x_wconf 91' lang='lat' dir='ltr'>ne</span> <span class='ocrx_word' id='word_1_25' title='bbox 368 592 463 652; x_wconf 90' lang='lat' dir='ltr'>aliquid</span> <span class='ocrx_word' id='word_1_26' title='bbox 480 593 638 642; x_wconf 81' lang='lat' dir='ltr'>detrahamus</span> <span class='ocrx_word' id='word_1_27' title='bbox 657 595 688 641; x_wconf 92' lang='lat' dir='ltr'>iis</span> <span class='ocrx_word' id='word_1_28' title='bbox 713 596 809 644; x_wconf 90' lang='lat' dir='ltr'>diabolo</span> <span class='ocrx_word' id='word_1_29' title='bbox 817 597 963 656; x_wconf 87' lang='lat' dir='ltr'>potestatem</span> <span class='ocrx_word' id='word_1_30' title='bbox 971 597 997 644; x_wconf 93' lang='lat' dir='ltr'>in</span> <span class='ocrx_word' id='word_1_31' title='bbox 1006 596 1133 645; x_wconf 77' lang='lat' dir='ltr'>facultates</span> <span class='ocrx_word' id='word_1_32' title='bbox 1141 598 1202 656; x_wconf 83' lang='lat' dir='ltr'>ejus,</span> <span class='ocrx_word' id='word_1_33' title='bbox 1210 598 1241 645; x_wconf 86' lang='lat' dir='ltr'>ut</span> 
     </span>
     <span class='ocr_line' id='line_1_6' title="bbox 152 656 1240 724; baseline 0.008 -21"><span class='ocrx_word' id='word_1_34' title='bbox 152 656 247 717; x_wconf 66' lang='lat' dir='ltr'>quibus</span> <span class='ocrx_word' id='word_1_35' title='bbox 262 657 381 707; x_wconf 85' lang='lat' dir='ltr'>debemus</span> <span class='ocrx_word' id='word_1_36' title='bbox 397 660 541 721; x_wconf 86' lang='lat' dir='ltr'>adjungere.</span> <span class='ocrx_word' id='word_1_37' title='bbox 556 663 604 709; x_wconf 89' lang='lat' dir='ltr'>Sed</span> <span class='ocrx_word' id='word_1_38' title='bbox 622 663 687 723; x_wconf 89' lang='lat' dir='ltr'>quod</span> <span class='ocrx_word' id='word_1_39' title='bbox 711 663 849 712; x_wconf 90' lang='lat' dir='ltr'>tentaretur</span> <span class='ocrx_word' id='word_1_40' title='bbox 858 665 970 724; x_wconf 87' lang='lat' dir='ltr'>qualem,</span> <span class='ocrx_word' id='word_1_41' title='bbox 983 666 1071 713; x_wconf 91' lang='lat' dir='ltr'>amisso</span> <span class='ocrx_word' id='word_1_42' title='bbox 1082 666 1240 724; x_wconf 89' lang='lat' dir='ltr'>patrimonio,</span> 
     </span>
     <span class='ocr_line' id='line_1_7' title="bbox 153 724 1240 800; baseline 0.011 -29"><span class='ocrx_word' id='word_1_43' title='bbox 153 724 229 787; x_wconf 77' lang='lat' dir='ltr'>peius</span> <span class='ocrx_word' id='word_1_44' title='bbox 239 726 292 786; x_wconf 88' lang='lat' dir='ltr'>est,</span> <span class='ocrx_word' id='word_1_45' title='bbox 307 738 358 775; x_wconf 91' lang='lat' dir='ltr'>nou</span> <span class='ocrx_word' id='word_1_46' title='bbox 375 729 454 776; x_wconf 90' lang='lat' dir='ltr'>solum</span> <span class='ocrx_word' id='word_1_47' title='bbox 470 742 521 777; x_wconf 92' lang='lat' dir='ltr'>nou</span> <span class='ocrx_word' id='word_1_48' title='bbox 531 731 687 779; x_wconf 80' lang='lat' dir='ltr'>honestamus</span> <span class='ocrx_word' id='word_1_49' title='bbox 712 733 814 800; x_wconf 84' lang='lat' dir='ltr'>haberet</span> <span class='ocrx_word' id='word_1_50' title='bbox 823 733 939 781; x_wconf 88' lang='lat' dir='ltr'>allectum</span> <span class='ocrx_word' id='word_1_51' title='bbox 948 747 955 780; x_wconf 76' lang='lat' dir='ltr'>a</span> <span class='ocrx_word' id='word_1_52' title='bbox 964 734 1032 782; x_wconf 90' lang='lat' dir='ltr'>dedit</span> <span class='ocrx_word' id='word_1_53' title='bbox 1043 735 1070 781; x_wconf 92' lang='lat' dir='ltr'>iu</span> <span class='ocrx_word' id='word_1_54' title='bbox 1082 735 1159 794; x_wconf 84' lang='lat' dir='ltr'>tilios,</span> <span class='ocrx_word' id='word_1_55' title='bbox 1171 735 1240 783; x_wconf 88' lang='lat' dir='ltr'>dedit</span> 
     </span>
     <span class='ocr_line' id='line_1_8' title="bbox 154 796 1240 862; baseline 0.009 -21"><span class='ocrx_word' id='word_1_56' title='bbox 154 800 298 855; x_wconf 80' lang='lat' dir='ltr'>pauperes3</span> <span class='ocrx_word' id='word_1_57' title='bbox 318 797 362 845; x_wconf 88' lang='lat' dir='ltr'>sed</span> <span class='ocrx_word' id='word_1_58' title='bbox 386 796 462 845; x_wconf 88' lang='lat' dir='ltr'>etiarn</span> <span class='ocrx_word' id='word_1_59' title='bbox 481 798 685 860; x_wconf 85' lang='lat' dir='ltr'>dehonestamus,</span> <span class='ocrx_word' id='word_1_60' title='bbox 711 802 737 847; x_wconf 91' lang='lat' dir='ltr'>iu</span> <span class='ocrx_word' id='word_1_61' title='bbox 747 815 835 862; x_wconf 87' lang='lat' dir='ltr'>corpus</span> <span class='ocrx_word' id='word_1_62' title='bbox 845 802 913 862; x_wconf 82' lang='lat' dir='ltr'>ejus3</span> <span class='ocrx_word' id='word_1_63' title='bbox 925 803 953 850; x_wconf 90' lang='lat' dir='ltr'>ut</span> <span class='ocrx_word' id='word_1_64' title='bbox 969 803 1115 862; x_wconf 81' lang='lat' dir='ltr'>probaretur</span> <span class='ocrx_word' id='word_1_65' title='bbox 1124 816 1185 850; x_wconf 92' lang='lat' dir='ltr'>uum</span> <span class='ocrx_word' id='word_1_66' title='bbox 1196 804 1240 851; x_wconf 89' lang='lat' dir='ltr'>de·</span> 
     </span>
     <span class='ocr_line' id='line_1_9' title="bbox 153 858 1239 928; baseline 0.007 -18"><span class='ocrx_word' id='word_1_67' title='bbox 153 858 319 924; x_wconf 76' lang='lat' dir='ltr'>destruimus,</span> <span class='ocrx_word' id='word_1_68' title='bbox 335 866 530 926; x_wconf 83' lang='lat' dir='ltr'>persequimur:</span> <span class='ocrx_word' id='word_1_69' title='bbox 546 868 571 914; x_wconf 90' lang='lat' dir='ltr'>et</span> <span class='ocrx_word' id='word_1_70' title='bbox 591 868 687 927; x_wconf 89' lang='lat' dir='ltr'>ignora·</span> <span class='ocrx_word' id='word_1_71' title='bbox 711 868 851 917; x_wconf 84' lang='lat' dir='ltr'>tunctorum</span> <span class='ocrx_word' id='word_1_72' title='bbox 866 871 950 919; x_wconf 91' lang='lat' dir='ltr'>dolore</span> <span class='ocrx_word' id='word_1_73' title='bbox 965 871 1112 928; x_wconf 89' lang='lat' dir='ltr'>liberorum,</span> <span class='ocrx_word' id='word_1_74' title='bbox 1127 871 1170 918; x_wconf 90' lang='lat' dir='ltr'>aut</span> <span class='ocrx_word' id='word_1_75' title='bbox 1185 884 1239 918; x_wconf 90' lang='lat' dir='ltr'>cru·</span> 
     </span>
     <span class='ocr_line' id='line_1_10' title="bbox 154 931 1241 997; baseline 0.006 -20"><span class='ocrx_word' id='word_1_76' title='bbox 154 938 213 978; x_wconf 74' lang='lat' dir='ltr'>mus</span> <span class='ocrx_word' id='word_1_77' title='bbox 223 933 289 992; x_wconf 86' lang='lat' dir='ltr'>quod</span> <span class='ocrx_word' id='word_1_78' title='bbox 299 933 344 980; x_wconf 91' lang='lat' dir='ltr'>has</span> <span class='ocrx_word' id='word_1_79' title='bbox 354 931 402 982; x_wconf 87' lang='lat' dir='ltr'>Dei</span> <span class='ocrx_word' id='word_1_80' title='bbox 413 935 515 995; x_wconf 75' lang='lat' dir='ltr'>imagini</span> <span class='ocrx_word' id='word_1_81' title='bbox 528 947 686 994; x_wconf 80' lang='lat' dir='ltr'>congeramus</span> <span class='ocrx_word' id='word_1_82' title='bbox 711 936 777 984; x_wconf 89' lang='lat' dir='ltr'>ciatu</span> <span class='ocrx_word' id='word_1_83' title='bbox 789 940 897 997; x_wconf 90' lang='lat' dir='ltr'>corporis</span> <span class='ocrx_word' id='word_1_84' title='bbox 908 951 922 984; x_wconf 85' lang='lat' dir='ltr'>a</span> <span class='ocrx_word' id='word_1_85' title='bbox 934 938 1068 986; x_wconf 90' lang='lat' dir='ltr'>constantia</span> <span class='ocrx_word' id='word_1_86' title='bbox 1080 938 1171 985; x_wconf 90' lang='lat' dir='ltr'>mentis</span> <span class='ocrx_word' id='word_1_87' title='bbox 1185 938 1241 984; x_wconf 86' lang='lat' dir='ltr'>ani-</span> 
     </span>
     <span class='ocr_line' id='line_1_11' title="bbox 154 993 1239 1066; baseline 0.006 -19"><span class='ocrx_word' id='word_1_88' title='bbox 154 993 275 1060; x_wconf 73' lang='lat' dir='ltr'>¹iniurias,</span> <span class='ocrx_word' id='word_1_89' title='bbox 286 1013 343 1049; x_wconf 87' lang='lat' dir='ltr'>cam</span> <span class='ocrx_word' id='word_1_90' title='bbox 362 1002 439 1050; x_wconf 84' lang='lat' dir='ltr'>tactos</span> <span class='ocrx_word' id='word_1_91' title='bbox 450 1003 480 1050; x_wconf 93' lang='lat' dir='ltr'>ad</span> <span class='ocrx_word' id='word_1_92' title='bbox 490 1005 624 1064; x_wconf 90' lang='lat' dir='ltr'>imaginem</span> <span class='ocrx_word' id='word_1_93' title='bbox 637 1005 685 1052; x_wconf 89' lang='lat' dir='ltr'>Dei</span> <span class='ocrx_word' id='word_1_94' title='bbox 710 1002 795 1064; x_wconf 89' lang='lat' dir='ltr'>mique</span> <span class='ocrx_word' id='word_1_95' title='bbox 821 1006 977 1054; x_wconf 86' lang='lat' dir='ltr'>descisceret.</span> <span class='ocrx_word' id='word_1_96' title='bbox 1001 1007 1119 1054; x_wconf 89' lang='lat' dir='ltr'>Dominus</span> <span class='ocrx_word' id='word_1_97' title='bbox 1138 1006 1239 1066; x_wconf 86' lang='lat' dir='ltr'>quidem</span> 
     </span>
     <span class='ocr_line' id='line_1_12' title="bbox 155 1069 1239 1135; baseline 0.005 -20"><span class='ocrx_word' id='word_1_98' title='bbox 155 1069 686 1135; x_wconf 84' lang='lat' dir='ltr'>putamusesselaedendos.Quicnimirridet</span> <span class='ocrx_word' id='word_1_99' title='bbox 710 1074 922 1134; x_wconf 78' lang='lat' dir='ltr'>noseratlortem;</span> <span class='ocrx_word' id='word_1_100' title='bbox 932 1073 1239 1133; x_wconf 88' lang='lat' dir='ltr'>sedinillodocereatquo</span> 
     </span>
     <span class='ocr_line' id='line_1_13' title="bbox 155 1140 1239 1201; baseline 0.006 -18"><span class='ocrx_word' id='word_1_101' title='bbox 155 1145 308 1197; x_wconf 84' lang='lat' dir='ltr'>pauperem,</span> <span class='ocrx_word' id='word_1_102' title='bbox 329 1140 461 1186; x_wconf 84' lang='lat' dir='ltr'>exacerbat</span> <span class='ocrx_word' id='word_1_103' title='bbox 482 1153 539 1187; x_wconf 90' lang='lat' dir='ltr'>eum</span> <span class='ocrx_word' id='word_1_104' title='bbox 558 1141 602 1201; x_wconf 88' lang='lat' dir='ltr'>qui</span> <span class='ocrx_word' id='word_1_105' title='bbox 624 1141 685 1189; x_wconf 84' lang='lat' dir='ltr'>tecit</span> <span class='ocrx_word' id='word_1_106' title='bbox 709 1143 902 1190; x_wconf 84' lang='lat' dir='ltr'>examinarenos</span> <span class='ocrx_word' id='word_1_107' title='bbox 909 1142 1094 1201; x_wconf 87' lang='lat' dir='ltr'>voluit,ntrum</span> <span class='ocrx_word' id='word_1_108' title='bbox 1102 1141 1239 1190; x_wconf 90' lang='lat' dir='ltr'>imitatores</span> 
     </span>
     <span class='ocr_line' id='line_1_14' title="bbox 155 1200 1239 1270; baseline 0.006 -19"><span class='ocrx_word' id='word_1_109' title='bbox 155 1200 237 1252; x_wconf 80' lang='lat' dir='ltr'>illum</span> <span class='ocrx_word' id='word_1_110' title='bbox 254 1205 303 1254; x_wconf 89' lang='lat' dir='ltr'>Sed</span> <span class='ocrx_word' id='word_1_111' title='bbox 314 1207 393 1256; x_wconf 89' lang='lat' dir='ltr'>aderit</span> <span class='ocrx_word' id='word_1_112' title='bbox 404 1208 447 1256; x_wconf 91' lang='lat' dir='ltr'>ille</span> <span class='ocrx_word' id='word_1_113' title='bbox 458 1207 503 1270; x_wconf 88' lang='lat' dir='ltr'>qui</span> <span class='ocrx_word' id='word_1_114' title='bbox 514 1208 580 1255; x_wconf 90' lang='lat' dir='ltr'>dicat</span> <span class='ocrx_word' id='word_1_115' title='bbox 596 1221 603 1253; x_wconf 77' lang='grc' dir='ltr'><strong><em>ε</em></strong></span> <span class='ocrx_word' id='word_1_116' title='bbox 623 1212 685 1258; x_wconf 79' lang='lat' dir='ltr'>Esa-</span> <span class='ocrx_word' id='word_1_117' title='bbox 710 1208 763 1265; x_wconf 84' lang='lat' dir='ltr'>ejus</span> <span class='ocrx_word' id='word_1_118' title='bbox 769 1222 821 1256; x_wconf 91' lang='lat' dir='ltr'>esse</span> <span class='ocrx_word' id='word_1_119' title='bbox 827 1209 1080 1270; x_wconf 88' lang='lat' dir='ltr'>possemus.Denique</span> <span class='ocrx_word' id='word_1_120' title='bbox 1086 1210 1239 1257; x_wconf 80' lang='lat' dir='ltr'>etAbraham</span> 
     </span>
     <span class='ocr_line' id='line_1_15' title="bbox 154 1275 1239 1338; baseline 0.004 -17"><span class='ocrx_word' id='word_1_121' title='bbox 154 1275 211 1331; x_wconf 76' lang='lat' dir='ltr'>risi,</span> <span class='ocrx_word' id='word_1_122' title='bbox 226 1278 249 1323; x_wconf 90' lang='lat' dir='ltr'>et</span> <span class='ocrx_word' id='word_1_123' title='bbox 265 1289 314 1323; x_wconf 82' lang='lat' dir='ltr'>nos</span> <span class='ocrx_word' id='word_1_124' title='bbox 332 1279 423 1326; x_wconf 78' lang='lat' dir='ltr'>dedistis</span> <span class='ocrx_word' id='word_1_125' title='bbox 439 1278 499 1325; x_wconf 82' lang='lat' dir='ltr'>milii</span> <span class='ocrx_word' id='word_1_126' title='bbox 514 1280 657 1325; x_wconf 83' lang='lat' dir='ltr'>manducare</span> <span class='ocrx_word' id='word_1_127' title='bbox 676 1293 684 1325; x_wconf 78' lang='grc' dir='ltr'><em>ι</em></span> <span class='ocrx_word' id='word_1_128' title='bbox 709 1276 831 1336; x_wconf 88' lang='lat' dir='ltr'>tentavit,</span> <span class='ocrx_word' id='word_1_129' title='bbox 849 1279 946 1338; x_wconf 87' lang='lat' dir='ltr'>quando</span> <span class='ocrx_word' id='word_1_130' title='bbox 963 1277 1042 1324; x_wconf 88' lang='lat' dir='ltr'>filium</span> <span class='ocrx_word' id='word_1_131' title='bbox 1060 1277 1126 1324; x_wconf 89' lang='lat' dir='ltr'>senis</span> <span class='ocrx_word' id='word_1_132' title='bbox 1136 1278 1239 1326; x_wconf 90' lang='lat' dir='ltr'>unicum</span> 
     </span>
     <span class='ocr_line' id='line_1_16' title="bbox 155 1341 1238 1406; baseline 0.003 -15"><span class='ocrx_word' id='word_1_133' title='bbox 155 1341 417 1399; x_wconf 51' lang='lat' dir='ltr'>minimissimis</span> <span class='ocrx_word' id='word_1_134' title='bbox 431 1347 491 1394; x_wconf 85' lang='lat' dir='ltr'>mihi</span> <span class='ocrx_word' id='word_1_135' title='bbox 502 1346 606 1394; x_wconf 84' lang='lat' dir='ltr'>bibere...</span> <span class='ocrx_word' id='word_1_136' title='bbox 625 1360 686 1406; x_wconf 81' lang='lat' dir='ltr'>oegcr</span> <span class='ocrx_word' id='word_1_137' title='bbox 709 1344 756 1391; x_wconf 91' lang='lat' dir='ltr'>sibi</span> <span class='ocrx_word' id='word_1_138' title='bbox 778 1346 853 1405; x_wconf 91' lang='lat' dir='ltr'>petiit</span> <span class='ocrx_word' id='word_1_139' title='bbox 874 1347 1007 1394; x_wconf 75' lang='lat' dir='ltr'>inimolari.</span> <span class='ocrx_word' id='word_1_140' title='bbox 1028 1345 1127 1394; x_wconf 89' lang='lat' dir='ltr'>Sciebat</span> <span class='ocrx_word' id='word_1_141' title='bbox 1151 1347 1238 1406; x_wconf 90' lang='lat' dir='ltr'>ntique</span> 
     </span>
     <span class='ocr_line' id='line_1_17' title="bbox 155 1413 1238 1474; baseline 0.005 -17"><span class='ocrx_word' id='word_1_142' title='bbox 155 1415 533 1464; x_wconf 80' lang='lat' dir='ltr'>cram...etsosoisitostismc.</span> <span class='ocrx_word' id='word_1_143' title='bbox 549 1415 684 1474; x_wconf 72' lang='lat' dir='ltr'>aequante</span> <span class='ocrx_word' id='word_1_144' title='bbox 709 1413 818 1461; x_wconf 89' lang='lat' dir='ltr'>mentem</span> <span class='ocrx_word' id='word_1_145' title='bbox 840 1414 970 1462; x_wconf 84' lang='lat' dir='ltr'>hhrahae:</span> <span class='ocrx_word' id='word_1_146' title='bbox 993 1413 1037 1461; x_wconf 93' lang='lat' dir='ltr'>sed</span> <span class='ocrx_word' id='word_1_147' title='bbox 1058 1413 1138 1461; x_wconf 90' lang='lat' dir='ltr'>sciens</span> <span class='ocrx_word' id='word_1_148' title='bbox 1158 1415 1238 1462; x_wconf 89' lang='lat' dir='ltr'>tentat</span> 
     </span>
     <span class='ocr_line' id='line_1_18' title="bbox 155 1475 1237 1544; baseline 0.003 -18"><span class='ocrx_word' id='word_1_149' title='bbox 155 1475 206 1527; x_wconf 86' lang='lat' dir='ltr'>ista</span> <span class='ocrx_word' id='word_1_150' title='bbox 216 1479 308 1528; x_wconf 80' lang='lat' dir='ltr'>leviora</span> <span class='ocrx_word' id='word_1_151' title='bbox 321 1483 473 1544; x_wconf 88' lang='lat' dir='ltr'>suut,qnam</span> <span class='ocrx_word' id='word_1_152' title='bbox 483 1483 504 1530; x_wconf 91' lang='lat' dir='ltr'>si</span> <span class='ocrx_word' id='word_1_153' title='bbox 519 1483 603 1530; x_wconf 85' lang='lat' dir='ltr'>dicat:</span> <span class='ocrx_word' id='word_1_154' title='bbox 617 1484 685 1542; x_wconf 80' lang='lat' dir='ltr'>lnju-</span> <span class='ocrx_word' id='word_1_155' title='bbox 708 1482 839 1540; x_wconf 86' lang='lat' dir='ltr'>Dominus,</span> <span class='ocrx_word' id='word_1_156' title='bbox 859 1482 924 1530; x_wconf 90' lang='lat' dir='ltr'>sicut</span> <span class='ocrx_word' id='word_1_157' title='bbox 943 1481 1025 1541; x_wconf 79' lang='lat' dir='ltr'>legisti</span> <span class='ocrx_word' id='word_1_158' title='bbox 1046 1481 1074 1528; x_wconf 90' lang='lat' dir='ltr'>in</span> <span class='ocrx_word' id='word_1_159' title='bbox 1089 1483 1237 1542; x_wconf 82' lang='lat' dir='ltr'>Evangelio,</span> 
     </span>
     <span class='ocr_line' id='line_1_19' title="bbox 155 1544 1238 1610; baseline 0.002 -15"><span class='ocrx_word' id='word_1_160' title='bbox 155 1544 207 1595; x_wconf 82' lang='lat' dir='ltr'>rias</span> <span class='ocrx_word' id='word_1_161' title='bbox 216 1548 279 1596; x_wconf 87' lang='lat' dir='ltr'>mihi</span> <span class='ocrx_word' id='word_1_162' title='bbox 289 1548 390 1608; x_wconf 77' lang='lat' dir='ltr'>fecistis,</span> <span class='ocrx_word' id='word_1_163' title='bbox 401 1549 512 1597; x_wconf 90' lang='lat' dir='ltr'>nudastis</span> <span class='ocrx_word' id='word_1_164' title='bbox 526 1561 566 1596; x_wconf 90' lang='lat' dir='ltr'>me</span> <span class='ocrx_word' id='word_1_165' title='bbox 576 1581 583 1608; x_wconf 84' lang='lat'>,</span> <span class='ocrx_word' id='word_1_166' title='bbox 595 1551 685 1598; x_wconf 78' lang='lat' dir='ltr'>verbe·</span> <span class='ocrx_word' id='word_1_167' title='bbox 709 1550 833 1608; x_wconf 81' lang='lat' dir='ltr'>quiscum</span> <span class='ocrx_word' id='word_1_168' title='bbox 847 1550 1021 1610; x_wconf 79' lang='lat' dir='ltr'>interrogasset</span> <span class='ocrx_word' id='word_1_169' title='bbox 1035 1550 1155 1597; x_wconf 90' lang='lat' dir='ltr'>Dominus</span> <span class='ocrx_word' id='word_1_170' title='bbox 1166 1551 1238 1597; x_wconf 82' lang='lat' dir='ltr'>lesus</span> 
     </span>
     <span class='ocr_line' id='line_1_20' title="bbox 155 1614 1237 1680; baseline 0.002 -18"><span class='ocrx_word' id='word_1_171' title='bbox 155 1614 229 1664; x_wconf 84' lang='lat' dir='ltr'>rastis</span> <span class='ocrx_word' id='word_1_172' title='bbox 235 1615 376 1674; x_wconf 72' lang='lat' dir='ltr'>melonem</span> <span class='ocrx_word' id='word_1_173' title='bbox 383 1617 404 1665; x_wconf 91' lang='lat' dir='ltr'>si</span> <span class='ocrx_word' id='word_1_174' title='bbox 412 1618 467 1678; x_wconf 88' lang='lat' dir='ltr'>quis</span> <span class='ocrx_word' id='word_1_175' title='bbox 477 1618 667 1677; x_wconf 80' lang='lat' dir='ltr'>interrogaverit</span> <span class='ocrx_word' id='word_1_176' title='bbox 677 1632 683 1664; x_wconf 91' lang='lat'>:</span> <span class='ocrx_word' id='word_1_177' title='bbox 709 1619 850 1679; x_wconf 85' lang='lat' dir='ltr'>discipulos,</span> <span class='ocrx_word' id='word_1_178' title='bbox 862 1621 922 1680; x_wconf 87' lang='lat' dir='ltr'>quot</span> <span class='ocrx_word' id='word_1_179' title='bbox 931 1632 1007 1678; x_wconf 89' lang='lat' dir='ltr'>panes</span> <span class='ocrx_word' id='word_1_180' title='bbox 1017 1619 1150 1677; x_wconf 86' lang='lat' dir='ltr'>habereut;</span> <span class='ocrx_word' id='word_1_181' title='bbox 1163 1619 1188 1665; x_wconf 91' lang='lat' dir='ltr'>et</span> <span class='ocrx_word' id='word_1_182' title='bbox 1199 1619 1237 1665; x_wconf 88' lang='lat' dir='ltr'>illi</span> 
     </span>
     <span class='ocr_line' id='line_1_21' title="bbox 154 1680 1238 1749; baseline 0.003 -19"><span class='ocrx_word' id='word_1_183' title='bbox 154 1680 257 1742; x_wconf 78' lang='lat' dir='ltr'>Quando</span> <span class='ocrx_word' id='word_1_184' title='bbox 272 1685 319 1733; x_wconf 88' lang='lat' dir='ltr'>tibi</span> <span class='ocrx_word' id='word_1_185' title='bbox 334 1684 438 1745; x_wconf 81' lang='lat' dir='ltr'>injurias</span> <span class='ocrx_word' id='word_1_186' title='bbox 454 1685 573 1744; x_wconf 81' lang='lat' dir='ltr'>fecimus,</span> <span class='ocrx_word' id='word_1_187' title='bbox 588 1687 684 1746; x_wconf 89' lang='lat' dir='ltr'>quando</span> <span class='ocrx_word' id='word_1_188' title='bbox 709 1687 892 1746; x_wconf 91' lang='lat' dir='ltr'>respondissent</span> <span class='ocrx_word' id='word_1_189' title='bbox 904 1687 1079 1749; x_wconf 82' lang='lat' dir='ltr'>quiaqninque</span> <span class='ocrx_word' id='word_1_190' title='bbox 1090 1686 1238 1733; x_wconf 89' lang='lat' dir='ltr'>tantumha-</span> 
     </span>
     <span class='ocr_line' id='line_1_22' title="bbox 156 1751 1237 1815; baseline 0.004 -16"><span class='ocrx_word' id='word_1_191' title='bbox 156 1751 332 1813; x_wconf 84' lang='lat' dir='ltr'>spoliavimus,</span> <span class='ocrx_word' id='word_1_192' title='bbox 342 1754 439 1813; x_wconf 87' lang='lat' dir='ltr'>quando</span> <span class='ocrx_word' id='word_1_193' title='bbox 457 1753 533 1801; x_wconf 88' lang='lat' dir='ltr'>etiam</span> <span class='ocrx_word' id='word_1_194' title='bbox 543 1753 685 1801; x_wconf 82' lang='lat' dir='ltr'>verberavi·</span> <span class='ocrx_word' id='word_1_195' title='bbox 709 1756 796 1803; x_wconf 89' lang='lat' dir='ltr'>berent</span> <span class='ocrx_word' id='word_1_196' title='bbox 805 1768 896 1815; x_wconf 89' lang='lat' dir='ltr'>panes,</span> <span class='ocrx_word' id='word_1_197' title='bbox 905 1755 957 1815; x_wconf 91' lang='lat' dir='ltr'>ipso</span> <span class='ocrx_word' id='word_1_198' title='bbox 968 1756 1023 1803; x_wconf 85' lang='lat' dir='ltr'>ait:</span> <span class='ocrx_word' id='word_1_199' title='bbox 1038 1755 1102 1813; x_wconf 83' lang='lat' dir='ltr'>Quid</span> <span class='ocrx_word' id='word_1_200' title='bbox 1118 1753 1237 1803; x_wconf 82' lang='lat' dir='ltr'>iaciemus</span> 
     </span>
     <span class='ocr_line' id='line_1_23' title="bbox 156 1818 1237 1883; baseline 0.005 -18"><span class='ocrx_word' id='word_1_201' title='bbox 156 1818 226 1866; x_wconf 79' lang='lat' dir='ltr'>must</span> <span class='ocrx_word' id='word_1_202' title='bbox 235 1820 307 1869; x_wconf 87' lang='lat' dir='ltr'>Dicet</span> <span class='ocrx_word' id='word_1_203' title='bbox 318 1834 326 1868; x_wconf 74' lang='grc' dir='ltr'><strong><em>ε</em></strong></span> <span class='ocrx_word' id='word_1_204' title='bbox 341 1824 457 1883; x_wconf 77' lang='lat' dir='ltr'>Quamdiu</span> <span class='ocrx_word' id='word_1_205' title='bbox 469 1823 512 1869; x_wconf 84' lang='lat' dir='ltr'>ani</span> <span class='ocrx_word' id='word_1_206' title='bbox 521 1822 605 1868; x_wconf 84' lang='lat' dir='ltr'>horam</span> <span class='ocrx_word' id='word_1_207' title='bbox 615 1823 685 1868; x_wconf 83' lang='lat' dir='ltr'>mini·</span> <span class='ocrx_word' id='word_1_208' title='bbox 709 1823 773 1869; x_wconf 87' lang='lat' dir='ltr'>inter</span> <span class='ocrx_word' id='word_1_209' title='bbox 784 1824 864 1872; x_wconf 87' lang='lat' dir='ltr'>tantos</span> <span class='ocrx_word' id='word_1_210' title='bbox 875 1824 1003 1870; x_wconf 84' lang='lat' dir='ltr'>homines:</span> <span class='ocrx_word' id='word_1_211' title='bbox 1013 1823 1059 1870; x_wconf 88' lang='lat' dir='ltr'>boc</span> <span class='ocrx_word' id='word_1_212' title='bbox 1075 1823 1159 1870; x_wconf 90' lang='lat' dir='ltr'>antem</span> <span class='ocrx_word' id='word_1_213' title='bbox 1170 1822 1237 1870; x_wconf 90' lang='lat' dir='ltr'>dicc-</span> 
     </span>
     <span class='ocr_line' id='line_1_24' title="bbox 155 1888 1237 1950; baseline 0.003 -16"><span class='ocrx_word' id='word_1_214' title='bbox 155 1889 358 1947; x_wconf 68' lang='lat' dir='ltr'>monasterialis,</span> <span class='ocrx_word' id='word_1_215' title='bbox 376 1889 436 1936; x_wconf 85' lang='lat' dir='ltr'>mibi</span> <span class='ocrx_word' id='word_1_216' title='bbox 450 1890 541 1948; x_wconf 70' lang='lat' dir='ltr'>tecutis.</span> <span class='ocrx_word' id='word_1_217' title='bbox 553 1888 684 1946; x_wconf 86' lang='lat' dir='ltr'>Propterea</span> <span class='ocrx_word' id='word_1_218' title='bbox 708 1891 751 1937; x_wconf 82' lang='lat' dir='ltr'>hat</span> <span class='ocrx_word' id='word_1_219' title='bbox 757 1890 855 1938; x_wconf 88' lang='lat' dir='ltr'>tentans</span> <span class='ocrx_word' id='word_1_220' title='bbox 863 1903 904 1937; x_wconf 91' lang='lat' dir='ltr'>eos</span> <span class='ocrx_word' id='word_1_221' title='bbox 914 1905 921 1950; x_wconf 83' lang='lat'><em>3</em></span> <span class='ocrx_word' id='word_1_222' title='bbox 933 1890 1027 1938; x_wconf 84' lang='lat' dir='ltr'>sciehat</span> <span class='ocrx_word' id='word_1_223' title='bbox 1039 1890 1105 1936; x_wconf 90' lang='lat' dir='ltr'>enirn</span> <span class='ocrx_word' id='word_1_224' title='bbox 1116 1890 1175 1950; x_wconf 84' lang='lat' dir='ltr'>quid</span> <span class='ocrx_word' id='word_1_225' title='bbox 1186 1890 1237 1937; x_wconf 89' lang='lat' dir='ltr'>lac-</span> 
     </span>
     <span class='ocr_line' id='line_1_25' title="bbox 157 1954 1237 2017; baseline 0.003 -16"><span class='ocrx_word' id='word_1_226' title='bbox 157 1955 573 2016; x_wconf 85' lang='lat' dir='ltr'>caveamusdiligcntius,nccnivel</span> <span class='ocrx_word' id='word_1_227' title='bbox 582 1954 684 2003; x_wconf 86' lang='lat' dir='ltr'>minimo</span> <span class='ocrx_word' id='word_1_228' title='bbox 708 1961 776 2006; x_wconf 91' lang='lat' dir='ltr'>turus</span> <span class='ocrx_word' id='word_1_229' title='bbox 783 1959 856 2005; x_wconf 90' lang='lat' dir='ltr'>esset.</span> <span class='ocrx_word' id='word_1_230' title='bbox 863 1958 973 2017; x_wconf 84' lang='lat' dir='ltr'>Quiergo</span> <span class='ocrx_word' id='word_1_231' title='bbox 981 1959 1062 2015; x_wconf 82' lang='lat' dir='ltr'>justus</span> <span class='ocrx_word' id='word_1_232' title='bbox 1069 1961 1115 2016; x_wconf 87' lang='lat' dir='ltr'>est,</span> <span class='ocrx_word' id='word_1_233' title='bbox 1122 1958 1237 2004; x_wconf 84' lang='lat' dir='ltr'>examine</span> 
     </span>
     <span class='ocr_line' id='line_1_26' title="bbox 156 2023 1237 2087; baseline 0.002 -17"><span class='ocrx_word' id='word_1_234' title='bbox 156 2024 330 2072; x_wconf 85' lang='lat' dir='ltr'>contumeliam</span> <span class='ocrx_word' id='word_1_235' title='bbox 348 2025 497 2084; x_wconf 83' lang='lat' dir='ltr'>irrogemus3</span> <span class='ocrx_word' id='word_1_236' title='bbox 516 2036 548 2070; x_wconf 90' lang='lat' dir='ltr'>ne</span> <span class='ocrx_word' id='word_1_237' title='bbox 571 2023 619 2083; x_wconf 91' lang='lat' dir='ltr'>ipsi</span> <span class='ocrx_word' id='word_1_238' title='bbox 637 2024 684 2069; x_wconf 90' lang='lat' dir='ltr'>Do·</span> <span class='ocrx_word' id='word_1_239' title='bbox 707 2027 808 2084; x_wconf 81' lang='lat' dir='ltr'>justitiae</span> <span class='ocrx_word' id='word_1_240' title='bbox 820 2040 871 2075; x_wconf 84' lang='lat' dir='ltr'>suae</span> <span class='ocrx_word' id='word_1_241' title='bbox 882 2027 962 2074; x_wconf 92' lang='lat' dir='ltr'>credit</span> <span class='ocrx_word' id='word_1_242' title='bbox 974 2027 1031 2087; x_wconf 90' lang='lat' dir='ltr'>quia</span> <span class='ocrx_word' id='word_1_243' title='bbox 1040 2025 1086 2074; x_wconf 93' lang='lat' dir='ltr'>Dei</span> <span class='ocrx_word' id='word_1_244' title='bbox 1096 2025 1160 2084; x_wconf 86' lang='lat' dir='ltr'>justu</span> <span class='ocrx_word' id='word_1_245' title='bbox 1168 2025 1237 2082; x_wconf 85' lang='lat' dir='ltr'>judi-</span> 
     </span>
     <span class='ocr_line' id='line_1_27' title="bbox 156 2091 1237 2154; baseline 0.002 -16"><span class='ocrx_word' id='word_1_246' title='bbox 156 2091 255 2140; x_wconf 88' lang='lat' dir='ltr'>minoin</span> <span class='ocrx_word' id='word_1_247' title='bbox 264 2093 428 2142; x_wconf 89' lang='lat' dir='ltr'>illisminimis</span> <span class='ocrx_word' id='word_1_248' title='bbox 433 2092 604 2141; x_wconf 89' lang='lat' dir='ltr'>contumeliosi</span> <span class='ocrx_word' id='word_1_249' title='bbox 609 2091 684 2140; x_wconf 79' lang='lat' dir='ltr'>tuisse</span> <span class='ocrx_word' id='word_1_250' title='bbox 708 2097 746 2142; x_wconf 90' lang='lat' dir='ltr'>cia</span> <span class='ocrx_word' id='word_1_251' title='bbox 756 2097 813 2142; x_wconf 92' lang='lat' dir='ltr'>sunt</span> <span class='ocrx_word' id='word_1_252' title='bbox 824 2109 830 2141; x_wconf 73' lang='grc' dir='ltr'><strong>ε</strong></span> <span class='ocrx_word' id='word_1_253' title='bbox 843 2097 885 2143; x_wconf 88' lang='lat' dir='ltr'>vel</span> <span class='ocrx_word' id='word_1_254' title='bbox 896 2096 1032 2143; x_wconf 87' lang='lat' dir='ltr'>secundum</span> <span class='ocrx_word' id='word_1_255' title='bbox 1047 2106 1166 2154; x_wconf 88' lang='lat' dir='ltr'>graecum,</span> <span class='ocrx_word' id='word_1_256' title='bbox 1179 2093 1237 2153; x_wconf 90' lang='lat' dir='ltr'>quia</span> 
     </span>
     <span class='ocr_line' id='line_1_28' title="bbox 156 2159 1107 2221; baseline -0.004 -12"><span class='ocrx_word' id='word_1_257' title='bbox 156 2159 294 2210; x_wconf 79' lang='lat' dir='ltr'>videamur.</span> <span class='ocrx_word' id='word_1_258' title='bbox 709 2162 755 2210; x_wconf 90' lang='lat' dir='ltr'>Dei</span> <span class='ocrx_word' id='word_1_259' title='bbox 766 2162 860 2219; x_wconf 78' lang='lat' dir='ltr'>iudicia</span> <span class='ocrx_word' id='word_1_260' title='bbox 872 2163 929 2209; x_wconf 91' lang='lat' dir='ltr'>suut</span> <span class='ocrx_word' id='word_1_261' title='bbox 940 2162 993 2221; x_wconf 88' lang='lat' dir='ltr'>ipsa</span> <span class='ocrx_word' id='word_1_262' title='bbox 1002 2161 1107 2219; x_wconf 74' lang='lat' dir='ltr'>iustitia.</span> 
     </span>
    </p>

    <p class='ocr_par' dir='ltr' id='par_1_4' title="bbox 101 2225 1238 2359">
     <span class='ocr_line' id='line_1_29' title="bbox 101 2225 1238 2290; baseline -0.01 -15"><span class='ocrx_word' id='word_1_263' title='bbox 101 2234 104 2239; x_wconf 87' lang='lat'>&#39;</span> <span class='ocrx_word' id='word_1_264' title='bbox 186 2227 291 2288; x_wconf 56' lang='grc' dir='ltr'>που</span> <span class='ocrx_word' id='word_1_265' title='bbox 306 2228 403 2278; x_wconf 88' lang='lat' dir='ltr'>ratione</span> <span class='ocrx_word' id='word_1_266' title='bbox 420 2227 504 2277; x_wconf 89' lang='lat' dir='ltr'>antem</span> <span class='ocrx_word' id='word_1_267' title='bbox 515 2225 626 2275; x_wconf 81' lang='lat' dir='ltr'>dixerit:</span> <span class='ocrx_word' id='word_1_268' title='bbox 640 2229 685 2289; x_wconf 82' lang='lat' dir='ltr'>Qui</span> <span class='ocrx_word' id='word_1_269' title='bbox 737 2227 1238 2290; x_wconf 70' lang='lat' dir='ltr'>29.sedhocutagnosceret,fecitprae.</span> 
     </span>
     <span class='ocr_line' id='line_1_30' title="bbox 154 2297 1237 2359; baseline -0.004 -13"><span class='ocrx_word' id='word_1_270' title='bbox 154 2299 239 2347; x_wconf 76' lang='lat' dir='ltr'>timent</span> <span class='ocrx_word' id='word_1_271' title='bbox 254 2298 470 2356; x_wconf 82' lang='lat' dir='ltr'>tc,sidcbantmc,</span> <span class='ocrx_word' id='word_1_272' title='bbox 488 2300 511 2344; x_wconf 87' lang='lat' dir='ltr'>et</span> <span class='ocrx_word' id='word_1_273' title='bbox 529 2297 683 2353; x_wconf 80' lang='lat' dir='ltr'>letabuntur,</span> <span class='ocrx_word' id='word_1_274' title='bbox 708 2300 780 2347; x_wconf 90' lang='lat' dir='ltr'>missa</span> <span class='ocrx_word' id='word_1_275' title='bbox 799 2299 922 2359; x_wconf 90' lang='lat' dir='ltr'>precatio;</span> <span class='ocrx_word' id='word_1_276' title='bbox 944 2298 1059 2358; x_wconf 87' lang='lat' dir='ltr'>quoniam</span> <span class='ocrx_word' id='word_1_277' title='bbox 1082 2297 1237 2344; x_wconf 90' lang='lat' dir='ltr'>intellectum</span> 
     </span>
    </p>

    <p class='ocr_par' dir='ltr' id='par_1_5' title="bbox 121 2364 1237 3114">
     <span class='ocr_line' id='line_1_31' title="bbox 121 2364 1237 2429; baseline -0.002 -15"><span class='ocrx_word' id='word_1_278' title='bbox 121 2380 125 2385; x_wconf 91' lang='lat'>·</span> <span class='ocrx_word' id='word_1_279' title='bbox 154 2365 335 2429; x_wconf 83' lang='lat' dir='ltr'>ipscexposuit</span> <span class='ocrx_word' id='word_1_280' title='bbox 345 2367 445 2414; x_wconf 85' lang='lat' dir='ltr'>dicens:</span> <span class='ocrx_word' id='word_1_281' title='bbox 458 2367 520 2428; x_wconf 79' lang='lat' dir='ltr'>Quia</span> <span class='ocrx_word' id='word_1_282' title='bbox 528 2368 553 2413; x_wconf 85' lang='lat' dir='ltr'>in</span> <span class='ocrx_word' id='word_1_283' title='bbox 564 2366 635 2414; x_wconf 84' lang='lat' dir='ltr'>acrba</span> <span class='ocrx_word' id='word_1_284' title='bbox 644 2369 684 2413; x_wconf 83' lang='lat' dir='ltr'>tua</span> <span class='ocrx_word' id='word_1_285' title='bbox 708 2369 755 2416; x_wconf 89' lang='lat' dir='ltr'>sibi</span> <span class='ocrx_word' id='word_1_286' title='bbox 771 2368 823 2416; x_wconf 88' lang='lat' dir='ltr'>dari</span> <span class='ocrx_word' id='word_1_287' title='bbox 834 2366 958 2428; x_wconf 91' lang='lat' dir='ltr'>poposcit,</span> <span class='ocrx_word' id='word_1_288' title='bbox 966 2368 994 2413; x_wconf 92' lang='lat' dir='ltr'>ut</span> <span class='ocrx_word' id='word_1_289' title='bbox 1004 2365 1118 2412; x_wconf 88' lang='lat' dir='ltr'>mandata</span> <span class='ocrx_word' id='word_1_290' title='bbox 1129 2365 1174 2412; x_wconf 90' lang='lat' dir='ltr'>Dei</span> <span class='ocrx_word' id='word_1_291' title='bbox 1186 2364 1237 2412; x_wconf 89' lang='lat' dir='ltr'>dis-</span> 
     </span>
     <span class='ocr_line' id='line_1_32' title="bbox 154 2434 1236 2498; baseline -0.006 -12"><span class='ocrx_word' id='word_1_292' title='bbox 154 2438 315 2498; x_wconf 74' lang='lat' dir='ltr'>supersperavi</span> <span class='ocrx_word' id='word_1_293' title='bbox 325 2435 389 2484; x_wconf 72' lang='lat' dir='ltr'>eboc</span> <span class='ocrx_word' id='word_1_294' title='bbox 401 2434 440 2483; x_wconf 90' lang='lat' dir='ltr'>est</span> <span class='ocrx_word' id='word_1_295' title='bbox 450 2435 532 2482; x_wconf 90' lang='lat' dir='ltr'>dicere</span> <span class='ocrx_word' id='word_1_296' title='bbox 546 2447 552 2479; x_wconf 91' lang='lat'>:</span> <span class='ocrx_word' id='word_1_297' title='bbox 567 2436 684 2482; x_wconf 89' lang='lat' dir='ltr'>lntusme</span> <span class='ocrx_word' id='word_1_298' title='bbox 709 2437 783 2485; x_wconf 89' lang='lat' dir='ltr'>ceret.</span> <span class='ocrx_word' id='word_1_299' title='bbox 800 2437 905 2496; x_wconf 80' lang='lat' dir='ltr'>Accepta</span> <span class='ocrx_word' id='word_1_300' title='bbox 923 2435 961 2483; x_wconf 90' lang='lat' dir='ltr'>est</span> <span class='ocrx_word' id='word_1_301' title='bbox 978 2447 1036 2494; x_wconf 85' lang='lat' dir='ltr'>orgo</span> <span class='ocrx_word' id='word_1_302' title='bbox 1051 2434 1192 2481; x_wconf 86' lang='lat' dir='ltr'>intellectus</span> <span class='ocrx_word' id='word_1_303' title='bbox 1211 2434 1236 2480; x_wconf 88' lang='lat' dir='ltr'>ei</span> 
     </span>
     <span class='ocr_line' id='line_1_33' title="bbox 154 2498 1237 2583; baseline -0.008 -27"><span class='ocrx_word' id='word_1_304' title='bbox 154 2498 362 2583; x_wconf 45' lang='lat' dir='ltr'>videruntgintus</span> <span class='ocrx_word' id='word_1_305' title='bbox 372 2518 411 2553; x_wconf 88' lang='lat' dir='ltr'>rne</span> <span class='ocrx_word' id='word_1_306' title='bbox 420 2505 564 2565; x_wconf 87' lang='lat' dir='ltr'>tetigerunt,</span> <span class='ocrx_word' id='word_1_307' title='bbox 573 2504 684 2553; x_wconf 90' lang='lat' dir='ltr'>intusme</span> <span class='ocrx_word' id='word_1_308' title='bbox 709 2504 855 2564; x_wconf 84' lang='lat' dir='ltr'>cognitionis</span> <span class='ocrx_word' id='word_1_309' title='bbox 876 2503 966 2564; x_wconf 88' lang='lat' dir='ltr'>gratia,</span> <span class='ocrx_word' id='word_1_310' title='bbox 985 2503 1083 2562; x_wconf 79' lang='lat' dir='ltr'>agnovit</span> <span class='ocrx_word' id='word_1_311' title='bbox 1100 2502 1165 2559; x_wconf 79' lang='lat' dir='ltr'>iusta</span> <span class='ocrx_word' id='word_1_312' title='bbox 1182 2513 1237 2548; x_wconf 84' lang='lat' dir='ltr'>esse</span> 
     </span>
     <span class='ocr_line' id='line_1_34' title="bbox 154 2569 1237 2636; baseline -0.007 -12"><span class='ocrx_word' id='word_1_313' title='bbox 154 2574 335 2636; x_wconf 81' lang='lat' dir='ltr'>adspexemnt3</span> <span class='ocrx_word' id='word_1_314' title='bbox 343 2575 388 2622; x_wconf 89' lang='lat' dir='ltr'>ubi</span> <span class='ocrx_word' id='word_1_315' title='bbox 396 2586 465 2634; x_wconf 90' lang='lat' dir='ltr'>spem</span> <span class='ocrx_word' id='word_1_316' title='bbox 475 2574 583 2621; x_wconf 90' lang='lat' dir='ltr'>adsumsi</span> <span class='ocrx_word' id='word_1_317' title='bbox 594 2573 624 2620; x_wconf 91' lang='lat' dir='ltr'>dc</span> <span class='ocrx_word' id='word_1_318' title='bbox 634 2573 684 2621; x_wconf 92' lang='lat' dir='ltr'>tuis</span> <span class='ocrx_word' id='word_1_319' title='bbox 709 2575 755 2622; x_wconf 88' lang='lat' dir='ltr'>Dei</span> <span class='ocrx_word' id='word_1_320' title='bbox 764 2574 857 2632; x_wconf 83' lang='lat' dir='ltr'>jndicia</span> <span class='ocrx_word' id='word_1_321' title='bbox 872 2586 879 2618; x_wconf 75' lang='grc' dir='ltr'><strong><em>ε</em></strong></span> <span class='ocrx_word' id='word_1_322' title='bbox 891 2584 1021 2632; x_wconf 86' lang='lat' dir='ltr'>agnoscere</span> <span class='ocrx_word' id='word_1_323' title='bbox 1039 2571 1121 2617; x_wconf 87' lang='lat' dir='ltr'>autern</span> <span class='ocrx_word' id='word_1_324' title='bbox 1132 2569 1237 2629; x_wconf 88' lang='lat' dir='ltr'>perlecti</span> 
     </span>
     <span class='ocr_line' id='line_1_35' title="bbox 155 2637 1237 2703; baseline -0.009 -9"><span class='ocrx_word' id='word_1_325' title='bbox 155 2642 255 2703; x_wconf 78' lang='lat' dir='ltr'>verbis,</span> <span class='ocrx_word' id='word_1_326' title='bbox 272 2644 315 2692; x_wconf 90' lang='lat' dir='ltr'>ubi</span> <span class='ocrx_word' id='word_1_327' title='bbox 333 2645 375 2691; x_wconf 91' lang='lat' dir='ltr'>tua</span> <span class='ocrx_word' id='word_1_328' title='bbox 393 2643 469 2692; x_wconf 87' lang='lat' dir='ltr'>verba</span> <span class='ocrx_word' id='word_1_329' title='bbox 484 2641 593 2702; x_wconf 91' lang='lat' dir='ltr'>percepi.</span> <span class='ocrx_word' id='word_1_330' title='bbox 615 2643 683 2689; x_wconf 87' lang='lat' dir='ltr'>Beati</span> <span class='ocrx_word' id='word_1_331' title='bbox 709 2644 755 2690; x_wconf 90' lang='lat' dir='ltr'>est.</span> <span class='ocrx_word' id='word_1_332' title='bbox 773 2642 885 2702; x_wconf 88' lang='lat' dir='ltr'>Denique</span> <span class='ocrx_word' id='word_1_333' title='bbox 902 2641 969 2688; x_wconf 88' lang='lat' dir='ltr'>allud</span> <span class='ocrx_word' id='word_1_334' title='bbox 980 2640 1017 2688; x_wconf 89' lang='lat' dir='ltr'>est</span> <span class='ocrx_word' id='word_1_335' title='bbox 1033 2639 1148 2698; x_wconf 91' lang='lat' dir='ltr'>credere,</span> <span class='ocrx_word' id='word_1_336' title='bbox 1168 2637 1237 2685; x_wconf 89' lang='lat' dir='ltr'>aliud</span> 
     </span>
     <span class='ocr_line' id='line_1_36' title="bbox 156 2706 1237 2773; baseline -0.009 -11"><span class='ocrx_word' id='word_1_337' title='bbox 156 2725 215 2772; x_wconf 87' lang='lat' dir='ltr'>ergo</span> <span class='ocrx_word' id='word_1_338' title='bbox 228 2713 272 2773; x_wconf 87' lang='lat' dir='ltr'>qui</span> <span class='ocrx_word' id='word_1_339' title='bbox 288 2711 490 2770; x_wconf 86' lang='lat' dir='ltr'>videntiustum,</span> <span class='ocrx_word' id='word_1_340' title='bbox 511 2711 537 2758; x_wconf 91' lang='lat' dir='ltr'>et</span> <span class='ocrx_word' id='word_1_341' title='bbox 554 2710 682 2770; x_wconf 74' lang='lat' dir='ltr'>laetantur,</span> <span class='ocrx_word' id='word_1_342' title='bbox 708 2723 848 2771; x_wconf 84' lang='lat' dir='ltr'>agnoscere.</span> <span class='ocrx_word' id='word_1_343' title='bbox 865 2710 938 2757; x_wconf 84' lang='lat' dir='ltr'>Fides</span> <span class='ocrx_word' id='word_1_344' title='bbox 951 2709 1077 2768; x_wconf 88' lang='lat' dir='ltr'>timentis,</span> <span class='ocrx_word' id='word_1_345' title='bbox 1093 2707 1184 2767; x_wconf 87' lang='lat' dir='ltr'>agnitio</span> <span class='ocrx_word' id='word_1_346' title='bbox 1199 2706 1237 2754; x_wconf 91' lang='lat' dir='ltr'>est</span> 
     </span>
     <span class='ocr_line' id='line_1_37' title="bbox 155 2775 1237 2841; baseline -0.006 -13"><span class='ocrx_word' id='word_1_347' title='bbox 155 2779 215 2841; x_wconf 86' lang='lat' dir='ltr'>quia</span> <span class='ocrx_word' id='word_1_348' title='bbox 225 2780 323 2840; x_wconf 90' lang='lat' dir='ltr'>sperant</span> <span class='ocrx_word' id='word_1_349' title='bbox 330 2780 357 2827; x_wconf 91' lang='lat' dir='ltr'>in</span> <span class='ocrx_word' id='word_1_350' title='bbox 368 2779 414 2826; x_wconf 90' lang='lat' dir='ltr'>Dei</span> <span class='ocrx_word' id='word_1_351' title='bbox 423 2779 507 2828; x_wconf 80' lang='lat' dir='ltr'>verba.</span> <span class='ocrx_word' id='word_1_352' title='bbox 520 2778 600 2835; x_wconf 80' lang='lat' dir='ltr'>Quam</span> <span class='ocrx_word' id='word_1_353' title='bbox 611 2780 683 2826; x_wconf 87' lang='lat' dir='ltr'>multi</span> <span class='ocrx_word' id='word_1_354' title='bbox 709 2777 838 2837; x_wconf 87' lang='lat' dir='ltr'>sapientis.</span> <span class='ocrx_word' id='word_1_355' title='bbox 854 2778 901 2835; x_wconf 85' lang='lat' dir='ltr'>Qui</span> <span class='ocrx_word' id='word_1_356' title='bbox 921 2777 988 2823; x_wconf 89' lang='lat' dir='ltr'>enim</span> <span class='ocrx_word' id='word_1_357' title='bbox 1007 2775 1094 2835; x_wconf 89' lang='lat' dir='ltr'>timet,</span> <span class='ocrx_word' id='word_1_358' title='bbox 1115 2776 1237 2822; x_wconf 87' lang='lat' dir='ltr'>rationem</span> 
     </span>
     <span class='ocr_line' id='line_1_38' title="bbox 155 2843 1236 2908; baseline -0.006 -13"><span class='ocrx_word' id='word_1_359' title='bbox 155 2847 239 2895; x_wconf 85' lang='lat' dir='ltr'>autem</span> <span class='ocrx_word' id='word_1_360' title='bbox 247 2848 303 2896; x_wconf 87' lang='lat' dir='ltr'>suut</span> <span class='ocrx_word' id='word_1_361' title='bbox 313 2847 356 2908; x_wconf 88' lang='lat' dir='ltr'>qui</span> <span class='ocrx_word' id='word_1_362' title='bbox 366 2847 471 2895; x_wconf 90' lang='lat' dir='ltr'>oderunt</span> <span class='ocrx_word' id='word_1_363' title='bbox 479 2846 567 2905; x_wconf 79' lang='lat' dir='ltr'>justos,</span> <span class='ocrx_word' id='word_1_364' title='bbox 577 2846 620 2906; x_wconf 88' lang='lat' dir='ltr'>qui</span> <span class='ocrx_word' id='word_1_365' title='bbox 629 2858 684 2906; x_wconf 90' lang='lat' dir='ltr'>per·</span> <span class='ocrx_word' id='word_1_366' title='bbox 708 2858 757 2893; x_wconf 91' lang='lat' dir='ltr'>non</span> <span class='ocrx_word' id='word_1_367' title='bbox 771 2845 861 2905; x_wconf 73' lang='lat' dir='ltr'>quaerit</span> <span class='ocrx_word' id='word_1_368' title='bbox 871 2859 878 2892; x_wconf 75' lang='grc' dir='ltr'><strong><em>ε</em></strong></span> <span class='ocrx_word' id='word_1_369' title='bbox 889 2845 988 2904; x_wconf 91' lang='lat' dir='ltr'>sapiens</span> <span class='ocrx_word' id='word_1_370' title='bbox 1001 2845 1084 2890; x_wconf 88' lang='lat' dir='ltr'>autern</span> <span class='ocrx_word' id='word_1_371' title='bbox 1096 2843 1121 2889; x_wconf 89' lang='lat' dir='ltr'>et</span> <span class='ocrx_word' id='word_1_372' title='bbox 1131 2844 1236 2901; x_wconf 88' lang='lat' dir='ltr'>agnitio-</span> 
     </span>
     <span class='ocr_line' id='line_1_39' title="bbox 156 2912 1236 2975; baseline -0.007 -11"><span class='ocrx_word' id='word_1_373' title='bbox 156 2916 295 2965; x_wconf 85' lang='lat' dir='ltr'>scrutantur</span> <span class='ocrx_word' id='word_1_374' title='bbox 304 2916 442 2974; x_wconf 87' lang='lat' dir='ltr'>Deiverba,</span> <span class='ocrx_word' id='word_1_375' title='bbox 450 2916 492 2975; x_wconf 86' lang='lat' dir='ltr'>qui</span> <span class='ocrx_word' id='word_1_376' title='bbox 507 2914 567 2972; x_wconf 84' lang='lat' dir='ltr'>justi</span> <span class='ocrx_word' id='word_1_377' title='bbox 577 2915 685 2962; x_wconf 79' lang='lat' dir='ltr'>suntzet</span> <span class='ocrx_word' id='word_1_378' title='bbox 708 2927 764 2961; x_wconf 87' lang='lat' dir='ltr'>uem</span> <span class='ocrx_word' id='word_1_379' title='bbox 791 2926 876 2960; x_wconf 90' lang='lat' dir='ltr'>eornm</span> <span class='ocrx_word' id='word_1_380' title='bbox 898 2912 1048 2971; x_wconf 86' lang='lat' dir='ltr'>investigat,</span> <span class='ocrx_word' id='word_1_381' title='bbox 1075 2921 1236 2970; x_wconf 88' lang='lat' dir='ltr'>quaecumque</span> 
     </span>
     <span class='ocr_line' id='line_1_40' title="bbox 156 2978 1236 3044; baseline -0.006 -14"><span class='ocrx_word' id='word_1_382' title='bbox 156 2987 213 3030; x_wconf 77' lang='lat' dir='ltr'>cnm</span> <span class='ocrx_word' id='word_1_383' title='bbox 228 2981 322 3044; x_wconf 83' lang='lat' dir='ltr'>aliquos</span> <span class='ocrx_word' id='word_1_384' title='bbox 333 2983 414 3030; x_wconf 91' lang='lat' dir='ltr'>doctos</span> <span class='ocrx_word' id='word_1_385' title='bbox 426 2980 530 3030; x_wconf 88' lang='lat' dir='ltr'>audiunt</span> <span class='ocrx_word' id='word_1_386' title='bbox 546 2982 633 3042; x_wconf 88' lang='lat' dir='ltr'>impii,</span> <span class='ocrx_word' id='word_1_387' title='bbox 643 2994 685 3029; x_wconf 91' lang='lat' dir='ltr'>eos</span> <span class='ocrx_word' id='word_1_388' title='bbox 708 2982 839 3041; x_wconf 88' lang='lat' dir='ltr'>percipere</span> <span class='ocrx_word' id='word_1_389' title='bbox 859 2980 993 3028; x_wconf 89' lang='lat' dir='ltr'>desiderat.</span> <span class='ocrx_word' id='word_1_390' title='bbox 1015 2978 1122 3034; x_wconf 82' lang='lat' dir='ltr'>Credidi,</span> <span class='ocrx_word' id='word_1_391' title='bbox 1142 2978 1236 3036; x_wconf 87' lang='lat' dir='ltr'>inquit,</span> 
     </span>
     <span class='ocr_line' id='line_1_41' title="bbox 156 3044 1237 3114; baseline -0.006 -16"><span class='ocrx_word' id='word_1_392' title='bbox 156 3054 257 3114; x_wconf 90' lang='lat' dir='ltr'>propter</span> <span class='ocrx_word' id='word_1_393' title='bbox 267 3051 402 3100; x_wconf 90' lang='lat' dir='ltr'>doctrinam</span> <span class='ocrx_word' id='word_1_394' title='bbox 409 3051 487 3099; x_wconf 81' lang='lat' dir='ltr'>vitare</span> <span class='ocrx_word' id='word_1_395' title='bbox 496 3050 652 3098; x_wconf 85' lang='lat' dir='ltr'>consuenmt.</span> <span class='ocrx_word' id='word_1_396' title='bbox 707 3052 801 3111; x_wconf 80' lang='lat' dir='ltr'>propter</span> <span class='ocrx_word' id='word_1_397' title='bbox 812 3049 872 3107; x_wconf 78' lang='lat' dir='ltr'>qaod</span> <span class='ocrx_word' id='word_1_398' title='bbox 882 3049 970 3094; x_wconf 84' lang='lat' dir='ltr'>locutus</span> <span class='ocrx_word' id='word_1_399' title='bbox 983 3057 1036 3092; x_wconf 74' lang='lat' dir='ltr'>nina</span> <span class='ocrx_word' id='word_1_400' title='bbox 1047 3059 1054 3090; x_wconf 90' lang='lat'>:</span> <span class='ocrx_word' id='word_1_401' title='bbox 1066 3044 1181 3102; x_wconf 84' lang='lat' dir='ltr'>cognovit</span> <span class='ocrx_word' id='word_1_402' title='bbox 1192 3044 1237 3091; x_wconf 85' lang='lat' dir='ltr'>au-</span> 
     </span>
    </p>

    <p class='ocr_par' dir='ltr' id='par_1_6' title="bbox 187 3111 1144 3180">
     <span class='ocr_line' id='line_1_42' title="bbox 187 3111 1144 3180; baseline -0.013 -12"><span class='ocrx_word' id='word_1_403' title='bbox 187 3119 226 3168; x_wconf 80' lang='lat'>28.</span> <span class='ocrx_word' id='word_1_404' title='bbox 244 3120 360 3180; x_wconf 87' lang='lat' dir='ltr'>Sequitur</span> <span class='ocrx_word' id='word_1_405' title='bbox 369 3131 455 3168; x_wconf 86' lang='lat' dir='ltr'>versus</span> <span class='ocrx_word' id='word_1_406' title='bbox 464 3119 554 3166; x_wconf 89' lang='lat' dir='ltr'>tertius</span> <span class='ocrx_word' id='word_1_407' title='bbox 567 3130 574 3163; x_wconf 90' lang='lat'>:</span> <span class='ocrx_word' id='word_1_408' title='bbox 586 3119 683 3178; x_wconf 80' lang='lat' dir='ltr'>Agnooi,</span> <span class='ocrx_word' id='word_1_409' title='bbox 709 3121 759 3166; x_wconf 90' lang='lat' dir='ltr'>tem</span> <span class='ocrx_word' id='word_1_410' title='bbox 770 3115 911 3172; x_wconf 83' lang='lat' dir='ltr'>intelligens</span> <span class='ocrx_word' id='word_1_411' title='bbox 919 3112 1088 3173; x_wconf 89' lang='lat' dir='ltr'>quodlocutus</span> <span class='ocrx_word' id='word_1_412' title='bbox 1098 3111 1144 3158; x_wconf 85' lang='lat' dir='ltr'>cst.</span> 
     </span>
    </p>

    <p class='ocr_par' dir='ltr' id='par_1_7' title="bbox 155 3175 1289 3924">
     <span class='ocr_line' id='line_1_43' title="bbox 156 3175 1238 3247; baseline -0.012 -11"><span class='ocrx_word' id='word_1_413' title='bbox 156 3189 272 3245; x_wconf 78' lang='lat' dir='ltr'>Domine,</span> <span class='ocrx_word' id='word_1_414' title='bbox 291 3187 474 3247; x_wconf 68' lang='lat' dir='ltr'>commnione</span> <span class='ocrx_word' id='word_1_415' title='bbox 487 3186 577 3245; x_wconf 76' lang='lat' dir='ltr'>jndicio</span> <span class='ocrx_word' id='word_1_416' title='bbox 592 3188 633 3232; x_wconf 85' lang='lat' dir='ltr'>tuo</span> <span class='ocrx_word' id='word_1_417' title='bbox 645 3200 653 3231; x_wconf 93' lang='grc'>.·</span> <span class='ocrx_word' id='word_1_418' title='bbox 664 3189 685 3232; x_wconf 88' lang='lat' dir='ltr'>et</span> <span class='ocrx_word' id='word_1_419' title='bbox 738 3186 812 3232; x_wconf 80' lang='lat' dir='ltr'>50.lu</span> <span class='ocrx_word' id='word_1_420' title='bbox 822 3195 870 3244; x_wconf 91' lang='lat' dir='ltr'>quo</span> <span class='ocrx_word' id='word_1_421' title='bbox 879 3177 1104 3241; x_wconf 81' lang='lat' dir='ltr'>ergoiustajudicia</span> <span class='ocrx_word' id='word_1_422' title='bbox 1112 3178 1157 3224; x_wconf 93' lang='lat' dir='ltr'>Dei</span> <span class='ocrx_word' id='word_1_423' title='bbox 1167 3175 1238 3225; x_wconf 85' lang='lat' dir='ltr'>suntt</span> 
     </span>
     <span class='ocr_line' id='line_1_44' title="bbox 155 3247 1237 3314; baseline -0.01 -9"><span class='ocrx_word' id='word_1_424' title='bbox 155 3256 291 3305; x_wconf 74' lang='lat' dir='ltr'>inveritate</span> <span class='ocrx_word' id='word_1_425' title='bbox 303 3255 535 3303; x_wconf 80' lang='lat' dir='ltr'>tooliomiticslimc.</span> <span class='ocrx_word' id='word_1_426' title='bbox 550 3252 597 3312; x_wconf 84' lang='lat' dir='ltr'>Qui</span> <span class='ocrx_word' id='word_1_427' title='bbox 604 3253 686 3312; x_wconf 92' lang='lat' dir='ltr'>potest</span> <span class='ocrx_word' id='word_1_428' title='bbox 709 3256 771 3314; x_wconf 86' lang='lat' dir='ltr'>Quia</span> <span class='ocrx_word' id='word_1_429' title='bbox 787 3264 832 3312; x_wconf 94' lang='lat' dir='ltr'>per</span> <span class='ocrx_word' id='word_1_430' title='bbox 848 3251 957 3309; x_wconf 90' lang='lat' dir='ltr'>labores,</span> <span class='ocrx_word' id='word_1_431' title='bbox 976 3248 1002 3296; x_wconf 90' lang='lat' dir='ltr'>et</span> <span class='ocrx_word' id='word_1_432' title='bbox 1012 3247 1196 3308; x_wconf 88' lang='lat' dir='ltr'>tribulationes,</span> <span class='ocrx_word' id='word_1_433' title='bbox 1209 3248 1237 3294; x_wconf 89' lang='lat' dir='ltr'>et</span> 
     </span>
     <span class='ocr_line' id='line_1_45' title="bbox 157 3315 1238 3385; baseline -0.009 -13"><span class='ocrx_word' id='word_1_434' title='bbox 157 3323 298 3385; x_wconf 82' lang='lat' dir='ltr'>intelligere</span> <span class='ocrx_word' id='word_1_435' title='bbox 308 3336 362 3384; x_wconf 84' lang='lat' dir='ltr'>quae</span> <span class='ocrx_word' id='word_1_436' title='bbox 378 3325 433 3372; x_wconf 90' lang='lat' dir='ltr'>suut</span> <span class='ocrx_word' id='word_1_437' title='bbox 445 3323 538 3371; x_wconf 82' lang='lat' dir='ltr'>divinae</span> <span class='ocrx_word' id='word_1_438' title='bbox 552 3321 685 3381; x_wconf 84' lang='lat' dir='ltr'>provideri·</span> <span class='ocrx_word' id='word_1_439' title='bbox 709 3322 855 3372; x_wconf 84' lang='lat' dir='ltr'>afflictiones</span> <span class='ocrx_word' id='word_1_440' title='bbox 863 3319 893 3367; x_wconf 88' lang='lat' dir='ltr'>ad</span> <span class='ocrx_word' id='word_1_441' title='bbox 904 3318 1003 3366; x_wconf 85' lang='lat' dir='ltr'>coeleste</span> <span class='ocrx_word' id='word_1_442' title='bbox 1013 3315 1141 3376; x_wconf 73' lang='lat' dir='ltr'>praemium</span> <span class='ocrx_word' id='word_1_443' title='bbox 1149 3328 1238 3376; x_wconf 85' lang='lat' dir='ltr'>perve-</span> 
     </span>
     <span class='ocr_line' id='line_1_46' title="bbox 157 3384 1238 3452; baseline -0.01 -11"><span class='ocrx_word' id='word_1_444' title='bbox 157 3394 210 3452; x_wconf 84' lang='lat' dir='ltr'>tias,</span> <span class='ocrx_word' id='word_1_445' title='bbox 220 3393 453 3441; x_wconf 85' lang='lat' dir='ltr'>utitureosermone</span> <span class='ocrx_word' id='word_1_446' title='bbox 462 3402 574 3451; x_wconf 88' lang='lat' dir='ltr'>quousus</span> <span class='ocrx_word' id='word_1_447' title='bbox 583 3390 620 3436; x_wconf 90' lang='lat' dir='ltr'>est</span> <span class='ocrx_word' id='word_1_448' title='bbox 630 3401 686 3448; x_wconf 90' lang='lat' dir='ltr'>pro·</span> <span class='ocrx_word' id='word_1_449' title='bbox 710 3392 786 3438; x_wconf 89' lang='lat' dir='ltr'>nitur.</span> <span class='ocrx_word' id='word_1_450' title='bbox 801 3388 870 3435; x_wconf 88' lang='lat' dir='ltr'>Sicut</span> <span class='ocrx_word' id='word_1_451' title='bbox 884 3387 952 3434; x_wconf 91' lang='lat' dir='ltr'>euim</span> <span class='ocrx_word' id='word_1_452' title='bbox 968 3384 1119 3434; x_wconf 91' lang='lat' dir='ltr'>certantibus</span> <span class='ocrx_word' id='word_1_453' title='bbox 1137 3385 1238 3431; x_wconf 87' lang='lat' dir='ltr'>athletis</span> 
     </span>
     <span class='ocr_line' id='line_1_47' title="bbox 156 3453 1236 3523; baseline -0.008 -15"><span class='ocrx_word' id='word_1_454' title='bbox 156 3460 234 3523; x_wconf 90' lang='lat' dir='ltr'>pheta</span> <span class='ocrx_word' id='word_1_455' title='bbox 247 3461 346 3509; x_wconf 75' lang='lat' dir='ltr'>sanctus</span> <span class='ocrx_word' id='word_1_456' title='bbox 363 3459 457 3518; x_wconf 81' lang='lat' dir='ltr'>Darid3</span> <span class='ocrx_word' id='word_1_457' title='bbox 473 3458 531 3518; x_wconf 88' lang='lat' dir='ltr'>quia</span> <span class='ocrx_word' id='word_1_458' title='bbox 546 3457 628 3504; x_wconf 89' lang='lat' dir='ltr'>omnia</span> <span class='ocrx_word' id='word_1_459' title='bbox 645 3456 685 3513; x_wconf 83' lang='lat' dir='ltr'>ju·</span> <span class='ocrx_word' id='word_1_460' title='bbox 711 3453 1236 3514; x_wconf 79' lang='lat' dir='ltr'>coronadelerturjustojudiciohominumr</span> 
     </span>
     <span class='ocr_line' id='line_1_48' title="bbox 157 3521 1289 3586; baseline -0.011 -7"><span class='ocrx_word' id='word_1_461' title='bbox 157 3529 223 3578; x_wconf 83' lang='lat' dir='ltr'>dicio</span> <span class='ocrx_word' id='word_1_462' title='bbox 230 3527 278 3575; x_wconf 85' lang='lat' dir='ltr'>Dei</span> <span class='ocrx_word' id='word_1_463' title='bbox 284 3527 354 3584; x_wconf 80' lang='lat' dir='ltr'>liunt,</span> <span class='ocrx_word' id='word_1_464' title='bbox 361 3524 391 3574; x_wconf 72' lang='lat' dir='ltr'>bt</span> <span class='ocrx_word' id='word_1_465' title='bbox 398 3538 489 3585; x_wconf 70' lang='lat' dir='ltr'>aegrum</span> <span class='ocrx_word' id='word_1_466' title='bbox 498 3536 586 3584; x_wconf 78' lang='lat' dir='ltr'>corpus</span> <span class='ocrx_word' id='word_1_467' title='bbox 597 3524 686 3582; x_wconf 76' lang='lat' dir='ltr'>aliquis</span> <span class='ocrx_word' id='word_1_468' title='bbox 710 3530 744 3578; x_wconf 85' lang='lat' dir='ltr'>ita</span> <span class='ocrx_word' id='word_1_469' title='bbox 754 3527 865 3586; x_wconf 90' lang='lat' dir='ltr'>legitime</span> <span class='ocrx_word' id='word_1_470' title='bbox 875 3523 1025 3572; x_wconf 88' lang='lat' dir='ltr'>certantibus</span> <span class='ocrx_word' id='word_1_471' title='bbox 1039 3521 1185 3570; x_wconf 80' lang='lat' dir='ltr'>christianis</span> <span class='ocrx_word' id='word_1_472' title='bbox 1200 3523 1238 3568; x_wconf 90' lang='lat' dir='ltr'>di·</span> <span class='ocrx_word' id='word_1_473' title='bbox 1287 3536 1289 3546; x_wconf 91' lang='grc'><strong><em>·</em></strong></span> 
     </span>
     <span class='ocr_line' id='line_1_49' title="bbox 157 3589 1238 3655; baseline -0.011 -7"><span class='ocrx_word' id='word_1_474' title='bbox 157 3597 258 3655; x_wconf 81' lang='lat' dir='ltr'>babeat,</span> <span class='ocrx_word' id='word_1_475' title='bbox 267 3596 297 3643; x_wconf 84' lang='lat' dir='ltr'>ut</span> <span class='ocrx_word' id='word_1_476' title='bbox 305 3594 416 3654; x_wconf 81' lang='lat' dir='ltr'>salubre,</span> <span class='ocrx_word' id='word_1_477' title='bbox 425 3595 454 3642; x_wconf 80' lang='lat' dir='ltr'>ut</span> <span class='ocrx_word' id='word_1_478' title='bbox 464 3594 544 3652; x_wconf 79' lang='lat' dir='ltr'>dives,</span> <span class='ocrx_word' id='word_1_479' title='bbox 556 3592 584 3639; x_wconf 79' lang='lat' dir='ltr'>ut</span> <span class='ocrx_word' id='word_1_480' title='bbox 591 3604 687 3653; x_wconf 77' lang='lat' dir='ltr'>pauper</span> <span class='ocrx_word' id='word_1_481' title='bbox 711 3594 865 3652; x_wconf 86' lang='lat' dir='ltr'>vinojudicio</span> <span class='ocrx_word' id='word_1_482' title='bbox 873 3593 954 3652; x_wconf 89' lang='lat' dir='ltr'>palma</span> <span class='ocrx_word' id='word_1_483' title='bbox 962 3589 1113 3637; x_wconf 88' lang='lat' dir='ltr'>decernitur.</span> <span class='ocrx_word' id='word_1_484' title='bbox 1122 3591 1238 3646; x_wconf 81' lang='lat' dir='ltr'>Vincenti,</span> 
     </span>
     <span class='ocr_line' id='line_1_50' title="bbox 157 3659 1237 3723; baseline -0.01 -9"><span class='ocrx_word' id='word_1_485' title='bbox 157 3665 191 3715; x_wconf 88' lang='lat' dir='ltr'>sit</span> <span class='ocrx_word' id='word_1_486' title='bbox 199 3697 206 3723; x_wconf 89' lang='lat'>,</span> <span class='ocrx_word' id='word_1_487' title='bbox 215 3665 244 3712; x_wconf 90' lang='lat' dir='ltr'>ut</span> <span class='ocrx_word' id='word_1_488' title='bbox 254 3664 373 3711; x_wconf 88' lang='lat' dir='ltr'>moriatur</span> <span class='ocrx_word' id='word_1_489' title='bbox 381 3662 480 3721; x_wconf 79' lang='lat' dir='ltr'>iuvenis</span> <span class='ocrx_word' id='word_1_490' title='bbox 488 3692 496 3720; x_wconf 92' lang='lat'>,</span> <span class='ocrx_word' id='word_1_491' title='bbox 505 3662 546 3708; x_wconf 88' lang='lat' dir='ltr'>vel</span> <span class='ocrx_word' id='word_1_492' title='bbox 557 3672 644 3707; x_wconf 82' lang='lat' dir='ltr'>senex.</span> <span class='ocrx_word' id='word_1_493' title='bbox 659 3659 685 3706; x_wconf 89' lang='lat' dir='ltr'>Si</span> <span class='ocrx_word' id='word_1_494' title='bbox 711 3663 805 3720; x_wconf 86' lang='lat' dir='ltr'>inquit,</span> <span class='ocrx_word' id='word_1_495' title='bbox 816 3661 875 3708; x_wconf 83' lang='lat' dir='ltr'>dubo</span> <span class='ocrx_word' id='word_1_496' title='bbox 889 3660 964 3706; x_wconf 85' lang='lat' dir='ltr'>sedere</span> <span class='ocrx_word' id='word_1_497' title='bbox 980 3671 1069 3705; x_wconf 81' lang='lat' dir='ltr'>mecam</span> <span class='ocrx_word' id='word_1_498' title='bbox 1080 3659 1105 3703; x_wconf 84' lang='lat' dir='ltr'>io</span> <span class='ocrx_word' id='word_1_499' title='bbox 1115 3659 1166 3704; x_wconf 84' lang='lat' dir='ltr'>sede</span> <span class='ocrx_word' id='word_1_500' title='bbox 1176 3671 1237 3704; x_wconf 84' lang='lat' dir='ltr'>mea.</span> 
     </span>
     <span class='ocr_line' id='line_1_51' title="bbox 157 3724 1238 3794; baseline -0.011 -15"><span class='ocrx_word' id='word_1_501' title='bbox 157 3733 215 3794; x_wconf 88' lang='lat' dir='ltr'>quis</span> <span class='ocrx_word' id='word_1_502' title='bbox 225 3731 335 3780; x_wconf 90' lang='lat' dir='ltr'>intendat</span> <span class='ocrx_word' id='word_1_503' title='bbox 349 3730 476 3791; x_wconf 88' lang='lat' dir='ltr'>scripturis</span> <span class='ocrx_word' id='word_1_504' title='bbox 486 3728 593 3787; x_wconf 85' lang='lat' dir='ltr'>divinis,</span> <span class='ocrx_word' id='word_1_505' title='bbox 612 3727 687 3774; x_wconf 89' lang='lat' dir='ltr'>intel·</span> <span class='ocrx_word' id='word_1_506' title='bbox 711 3726 767 3776; x_wconf 86' lang='lat' dir='ltr'>Vita</span> <span class='ocrx_word' id='word_1_507' title='bbox 778 3739 834 3786; x_wconf 90' lang='lat' dir='ltr'>ergo</span> <span class='ocrx_word' id='word_1_508' title='bbox 844 3728 926 3773; x_wconf 88' lang='lat' dir='ltr'>nostra</span> <span class='ocrx_word' id='word_1_509' title='bbox 937 3726 1092 3772; x_wconf 81' lang='lat' dir='ltr'>examinatur</span> <span class='ocrx_word' id='word_1_510' title='bbox 1100 3725 1166 3784; x_wconf 88' lang='lat' dir='ltr'>igne,</span> <span class='ocrx_word' id='word_1_511' title='bbox 1175 3724 1238 3770; x_wconf 90' lang='lat' dir='ltr'>sicut</span> 
     </span>
     <span class='ocr_line' id='line_1_52' title="bbox 157 3790 1237 3859; baseline -0.014 -11"><span class='ocrx_word' id='word_1_512' title='bbox 157 3799 214 3859; x_wconf 89' lang='lat' dir='ltr'>ligit</span> <span class='ocrx_word' id='word_1_513' title='bbox 231 3799 282 3846; x_wconf 81' lang='lat' dir='ltr'>haec</span> <span class='ocrx_word' id='word_1_514' title='bbox 292 3799 346 3847; x_wconf 89' lang='lat' dir='ltr'>lieri</span> <span class='ocrx_word' id='word_1_515' title='bbox 359 3797 453 3857; x_wconf 78' lang='lat' dir='ltr'>iudicio</span> <span class='ocrx_word' id='word_1_516' title='bbox 464 3796 524 3854; x_wconf 87' lang='lat' dir='ltr'>Dei;</span> <span class='ocrx_word' id='word_1_517' title='bbox 539 3795 602 3842; x_wconf 90' lang='lat' dir='ltr'>nihil</span> <span class='ocrx_word' id='word_1_518' title='bbox 620 3795 686 3840; x_wconf 89' lang='lat' dir='ltr'>enirn</span> <span class='ocrx_word' id='word_1_519' title='bbox 712 3791 972 3853; x_wconf 71' lang='lat' dir='ltr'>splendorargcutigut</span> <span class='ocrx_word' id='word_1_520' title='bbox 978 3791 1057 3839; x_wconf 86' lang='lat' dir='ltr'>virtus</span> <span class='ocrx_word' id='word_1_521' title='bbox 1063 3790 1237 3839; x_wconf 86' lang='lat' dir='ltr'>certaminibus</span> 
     </span>
     <span class='ocr_line' id='line_1_53' title="bbox 158 3858 1237 3924; baseline -0.012 -10"><span class='ocrx_word' id='word_1_522' title='bbox 158 3867 198 3914; x_wconf 90' lang='lat' dir='ltr'>est</span> <span class='ocrx_word' id='word_1_523' title='bbox 217 3867 307 3924; x_wconf 84' lang='lat' dir='ltr'>praeter</span> <span class='ocrx_word' id='word_1_524' title='bbox 322 3867 368 3914; x_wconf 93' lang='lat' dir='ltr'>Dei</span> <span class='ocrx_word' id='word_1_525' title='bbox 384 3865 521 3914; x_wconf 88' lang='lat' dir='ltr'>scientiam.</span> <span class='ocrx_word' id='word_1_526' title='bbox 540 3863 686 3920; x_wconf 85' lang='lat' dir='ltr'>Exemplum</span> <span class='ocrx_word' id='word_1_527' title='bbox 706 3858 869 3922; x_wconf 90' lang='lat' dir='ltr'>approbetur.</span> <span class='ocrx_word' id='word_1_528' title='bbox 889 3861 1064 3917; x_wconf 65' lang='lat' dir='ltr'>irascibilitas,</span> <span class='ocrx_word' id='word_1_529' title='bbox 1082 3858 1177 3918; x_wconf 86' lang='lat' dir='ltr'>inquit,</span> <span class='ocrx_word' id='word_1_530' title='bbox 1196 3868 1237 3915; x_wconf 78' lang='lat' dir='ltr'>per</span> 
     </span>
    </p>
   </div>
   <div class='ocr_carea' id='block_1_3' title="bbox 156 3925 1238 4056">
    <p class='ocr_par' dir='ltr' id='par_1_8' title="bbox 156 3925 1238 4056">
     <span class='ocr_line' id='line_1_54' title="bbox 156 3925 1238 4028; baseline -0.011 -46"><span class='ocrx_word' id='word_1_531' title='bbox 156 3933 308 3996; x_wconf 73' lang='lat' dir='ltr'>querimus?</span> <span class='ocrx_word' id='word_1_532' title='bbox 326 3934 378 3982; x_wconf 82' lang='lat' dir='ltr'>llou</span> <span class='ocrx_word' id='word_1_533' title='bbox 396 3933 436 4009; x_wconf 81' lang='lat' dir='ltr'>est</span> <span class='ocrx_word' id='word_1_534' title='bbox 447 3930 635 4012; x_wconf 67' lang='lat' dir='ltr'>absconditum</span> <span class='ocrx_word' id='word_1_535' title='bbox 654 3929 687 3977; x_wconf 91' lang='lat' dir='ltr'>si·</span> <span class='ocrx_word' id='word_1_536' title='bbox 712 3933 787 3991; x_wconf 81' lang='lat' dir='ltr'>ignem</span> <span class='ocrx_word' id='word_1_537' title='bbox 798 3931 819 3977; x_wconf 91' lang='lat' dir='ltr'>ct</span> <span class='ocrx_word' id='word_1_538' title='bbox 829 3941 928 3989; x_wconf 79' lang='lat' dir='ltr'>aqitaltt,</span> <span class='ocrx_word' id='word_1_539' title='bbox 944 3931 965 3976; x_wconf 87' lang='lat' dir='ltr'>et</span> <span class='ocrx_word' id='word_1_540' title='bbox 976 3927 1089 3975; x_wconf 71' lang='lat' dir='ltr'>inellexisti</span> <span class='ocrx_word' id='word_1_541' title='bbox 1102 3937 1146 4028; x_wconf 49' lang='lat' dir='ltr'>{adis</span> <span class='ocrx_word' id='word_1_542' title='bbox 1161 3925 1186 3969; x_wconf 85' lang='lat' dir='ltr'>in</span> <span class='ocrx_word' id='word_1_543' title='bbox 1200 3935 1238 3985; x_wconf 60' lang='lat' dir='ltr'>rog</span> 
     </span>
     <span class='ocr_line' id='line_1_55' title="bbox 249 4012 270 4056; baseline -0.143 0"><span class='ocrx_word' id='word_1_544' title='bbox 249 4012 270 4056; x_wconf 77' lang='lat'>2.</span> 
     </span>
    </p>
   </div>
   <div class='ocr_carea' id='block_1_4' title="bbox 0 0 1387 4794">
    <p class='ocr_par' dir='ltr' id='par_1_9' title="bbox 0 0 1387 4794">
     <span class='ocr_line' id='line_1_56' title="bbox 0 0 1387 4794; baseline 0 0"><span class='ocrx_word' id='word_1_545' title='bbox 0 0 1387 4794; x_wconf 95' lang='lat' dir='ltr'> </span> 
     </span>
    </p>
   </div>
  </div>
 </body>
</html>
