2760 4794
409 451 443 496 ln
458 451 618 498 nstitutum
634 453 747 499 cxviii
760 452 951 498 expositio.
1174 447 1228 499 tw

144 530 202 590 guis
216 529 286 580 stetit
300 543 307 578 a
323 543 368 591 por
383 535 494 582 umbram
509 539 533 583 te
549 534 669 593 vidimus,
694 545 747 581 suo.
767 535 863 581 Etenim
886 535 1002 584 adversus
1026 533 1150 582 diabolum
1171 545 1220 581 non

146 600 243 657 quando
262 612 311 648 non
331 600 437 649 habebas
460 603 569 663 speciem
589 614 669 661 nequo
693 601 951 662 nocismaguitudino,
963 602 1007 652 sed
1021 601 1220 662 magnanimitate

144 667 269 716 decorem.
290 669 379 715 Umbra
397 671 439 717 tua
457 683 512 718 caro
533 670 594 728 tuit,
615 682 670 730 quae
694 669 773 717 cordis
783 670 901 718 utendum
912 673 957 719 cst.

144 736 284 783 nostremm
294 739 365 785 aestus
381 738 536 797 refrigeravit
550 737 671 797 cupidita·
723 737 747 784 8.
766 739 806 785 Est
816 739 898 786 tanmn
908 740 933 787 et
944 751 992 787 vox
1008 736 1101 797 cordis;
1114 737 1170 797 quia
1182 737 1220 783 est

145 802 213 863 tum,
230 817 284 864 qnae
299 806 427 853 restrinxit
442 807 511 865 ignes
525 807 669 865 libidinum,
693 806 719 853 ct
729 818 777 854 vox
790 808 926 867 sanguinis,
937 821 991 869 qum
1003 807 1033 854 ad
1042 810 1122 854 Deum
1131 817 1220 865 perve-

143 873 313 928 quaeavaritiae
328 873 670 933 diversanrmquepassionum
694 873 739 921 nit.
752 874 864 934 Denique
873 876 1006 924 benedicit
1018 888 1025 923 a
1039 874 1221 933 Vonsonqutnis

148 938 261 986 incendia
271 940 428 998 temperavit.
441 941 470 987 nt
480 941 540 1000 quid
551 941 629 988 dicam
639 941 669 988 de
693 941 774 1000 statne
785 945 819 991 ini
829 945 856 991 de
866 946 929 992 terro
939 946 1025 992 chamot
1036 944 1066 991 od
1073 956 1118 990 me.
1127 941 1219 988 Clamat

146 1009 232 1055 umbra
242 1009 461 1067 Dominl,quando
472 1010 498 1057 et
507 1010 668 1068 apostolorum
694 1021 750 1067 crgo
768 1023 810 1057 cor
826 1013 938 1059 nostrum
956 1024 1005 1059 nou
1025 1023 1082 1058 sono
1100 1009 1218 1070 corporis,

144 1079 233 1125 umbra
243 1077 357 1125 sanabat?
366 1079 488 1127 Veniente
499 1081 591 1126 etenim
600 1081 670 1128 Petro
693 1078 736 1124 sed
747 1079 920 1136 cogitationum
935 1080 1099 1137 sublimitate,
1115 1090 1219 1125 concen-

145 1147 311 1206 nnusquisque
322 1146 439 1194 onerobat
448 1159 599 1206 aeqrossuos,
610 1160 670 1206 quos
693 1143 770 1202 tuque
784 1146 912 1193 virtutum.
928 1146 1104 1194 Grandis'lidei
1119 1147 1219 1192 clamor.

144 1216 294 1263 transeuntis
304 1215 407 1274 apostoli
416 1216 502 1262 umbra
512 1216 618 1263 reddidit
631 1228 671 1263 sa·
693 1211 805 1272 Denique
822 1214 849 1260 in
867 1215 957 1274 spiritu
975 1215 1111 1274 adoptionis
1131 1215 1222 1259 clama·

144 1283 227 1330 nitati.
693 1292 761 1339 mus,
773 1282 840 1329 nbba
852 1282 934 1343 pater,
949 1283 975 1330 et
990 1283 1044 1343 lpse
1055 1280 1160 1342 Spiritus
1174 1279 1221 1327 Del

178 1351 201 1398 6.
212 1351 669 1412 ludiquiacaronomiutumbraerat=
694 1348 783 1398 clamat
800 1351 827 1397 iu
843 1351 921 1398 nobis.
941 1352 1024 1412 ldaqna
1042 1363 1090 1400 vox
1105 1349 1220 1410 iustitiae,

146 1421 206 1467 Ecce
217 1423 330 1468 Dominus
339 1423 399 1469 sedet
408 1435 476 1480 snper
485 1420 569 1467 nubem
584 1420 654 1467 lesem
660 1452 669 1477 ,
693 1427 780 1475 magna
791 1418 827 1466 est
837 1418 969 1479 castitatis,
984 1431 1029 1480 por
1038 1430 1112 1478 quam
1120 1418 1145 1464 et
1156 1429 1221 1464 mor-

146 1488 669 1549 etveniettnAEqyptnmAEtDaviddioit:Sub
693 1484 731 1530 iui
744 1486 893 1546 loquuntur3
911 1500 957 1535 nec
975 1489 1055 1535 solum
1071 1486 1219 1546 loquuntur,

144 1556 231 1602 umbro
241 1558 334 1603 olorum
350 1560 445 1604 tatarum
452 1559 544 1616 protepe
554 1569 598 1602 nte.
610 1557 670 1602 Fac-
693 1553 736 1600 scd
749 1556 823 1603 etiam
834 1556 897 1604 sicut
909 1557 970 1604 Abel
984 1555 1100 1604 clamant.
1116 1554 1146 1601 nt
1160 1567 1221 1602 vero

145 1623 186 1671 tus
196 1624 233 1669 est
246 1623 321 1682 igitur
330 1624 470 1670 exinanitus
485 1623 571 1668 umbra
585 1622 668 1680 nobis,
692 1621 775 1678 iniusti
784 1624 865 1671 anima
875 1636 921 1672 nec
930 1623 1038 1672 viventis
1046 1623 1148 1680 clamat3
1160 1623 1219 1682 quia

144 1703 204 1750 quos
215 1691 250 1738 sol
261 1690 396 1749 iniquitatis
405 1691 540 1737 exusserat.
556 1689 667 1736 Vidimus
691 1689 743 1735 Deo
754 1693 848 1739 mortua
860 1692 905 1739 est.
920 1693 986 1739 Nihil
997 1693 1023 1739 in
1039 1692 1083 1738 illa
1096 1692 1218 1751 sublime,
1279 1732 1293 1741 .

143 1772 201 1818 ergo
217 1759 243 1804 iu
257 1759 343 1805 umbra
354 1771 426 1815 eum,
441 1770 498 1804 cum
512 1758 591 1805 adhuc
607 1757 667 1804 tides
690 1756 753 1804 nibil
771 1760 926 1818 magnificum
943 1761 980 1808 ost
1000 1773 1007 1806 a
1028 1760 1100 1820 qualo
1119 1771 1218 1820 eorum,

143 1827 222 1884 prima
231 1826 382 1885 procederet.
393 1825 442 1873 Sed
452 1837 519 1872 nuuc
528 1825 578 1882 jam
589 1826 667 1872 totum
690 1837 793 1883 quorum
801 1840 874 1874 sonus
885 1827 912 1873 iu
922 1839 1019 1874 omnem
1026 1828 1117 1874 terram
1124 1827 1219 1884 exivit,

143 1895 268 1943 illuminat
284 1895 403 1940 mundum
420 1907 427 1939 t
445 1894 568 1940 ettamen
587 1894 667 1942 adbuc
692 1894 718 1940 et
731 1896 805 1941 verba
822 1897 848 1942 iu
861 1896 923 1943 fines
937 1897 1002 1943 orbis
1013 1896 1142 1942 terramm.
1158 1895 1220 1941 Grn-

144 1975 253 2022 enmper
261 1962 298 2008 sni
307 1962 492 2021 corporis‚quae
502 1959 539 2007 est
547 1961 668 2021 Ecclesia,
692 1961 735 2008 oili
752 1975 813 2011 voce
833 1965 927 2023 Moyses
944 1964 1103 2024 loquebatur,
1122 1965 1148 2010 et
1163 1965 1219 2023 plus

143 2031 255 2076 umbram
266 2029 388 2085 videmus,
398 2028 507 2074 nondum
517 2027 579 2074 facie
590 2028 621 2075 ad
634 2027 669 2074 ta·
692 2032 804 2078 omnibus
820 2034 973 2080 audiebatur.
990 2033 1104 2091 Quotidie
1119 2033 1218 2079 auditur

144 2101 222 2158 ciem3
233 2112 314 2159 neque
326 2098 392 2145 enim
403 2098 469 2145 oculi
484 2099 591 2156 corporis
606 2098 669 2145 divi·
692 2098 719 2144 iu
729 2101 838 2148 Ecclesia
850 2115 857 2148 a
870 2102 901 2148 ab
912 2102 961 2149 illis
971 2101 1041 2160 soils,
1053 2102 1099 2149 hoe
1108 2101 1161 2159 est,
1172 2102 1217 2147 iu·

143 2167 229 2214 nitatis
238 2166 340 2226 possunt
348 2165 460 2224 recipere
471 2164 600 2224 fulgorem.
611 2166 668 2212 Haec
693 2165 751 2212 dacis
766 2179 816 2214 non
834 2168 945 2226 auditur,
964 2169 1007 2227 qui
1024 2180 1083 2215 aure
1102 2168 1218 2226 audiunt,

144 2246 241 2296 quoque
257 2234 343 2281 umbra
353 2233 431 2280 totum
442 2233 553 2293 qnotidie
564 2234 669 2292 protegit
693 2234 735 2282 sed
751 2247 800 2281 non
819 2237 963 2284 exaudiunt.
982 2237 1109 2296 Prophetas
1127 2236 1220 2284 dicitur

143 2305 228 2351 orbem
238 2303 367 2350 terrarum.
384 2301 476 2349 Proicit
487 2302 561 2361 igitur
570 2304 670 2349 conclu·
693 2303 764 2351 alteri
776 2317 783 2349 ε
795 2306 885 2353 lincolia
895 2305 983 2353 sintae
993 2319 1070 2353 nocem
1082 2307 1157 2352 inam.

142 2373 180 2419 sio
192 2388 200 2419 ·.
211 2372 326 2420 condant
337 2370 400 2417 enim
414 2372 477 2418 Dens
493 2371 573 2417 cannia
588 2371 614 2416 tn
632 2373 669 2417 in·
722 2374 746 2422 9.
756 2374 824 2421 Anna
832 2376 914 2423 tamen
923 2387 972 2423 non
982 2375 1102 2422 clamabat
1112 2376 1138 2422 in
1147 2375 1220 2423 corde

143 2442 290 2501 crededitatc3
303 2440 445 2486 ctomntam
460 2441 605 2486 munecius.
622 2440 669 2486 Sed
693 2453 750 2500 suo,
772 2443 837 2490 sicut
855 2445 962 2504 Moyses,
984 2443 1026 2491 sed
1044 2443 1191 2503 loquebatur
1210 2456 1218 2488 a

142 2510 193 2566 jam
204 2508 384 2556 consideremus
399 2506 460 2566 quid
469 2507 497 2552 in
513 2507 668 2555 conclusione
692 2507 792 2557 tortasse
803 2511 861 2570 qnia
871 2511 935 2558 lilios
944 2511 1095 2571 postulabat,
1106 2511 1152 2557 boe
1164 2512 1219 2569 est,

143 2577 275 2624 dicendum
285 2577 335 2634 est,
347 2576 373 2623 et
382 2575 448 2623 unde
459 2573 637 2634 incipiendum.
691 2579 754 2627 bona
764 2581 879 2641 quidem,
891 2582 935 2630 sed
945 2583 1039 2643 privata
1049 2594 1099 2629 non
1108 2581 1222 2642 publica,

178 2645 201 2691 7.
223 2646 364 2692 Exclamant
387 2645 413 2690 in
439 2645 486 2691 toto
511 2644 576 2690 corde
601 2653 667 2697 meos
692 2649 876 2696 conclamabat.
892 2649 940 2696 Sed
954 2650 1220 2710 quiaaDominopos-

143 2715 230 2761 eraudi
242 2726 292 2771 nte,
309 2713 409 2760 Domine
420 2726 428 2758 ε
439 2712 544 2770 justitias
558 2713 611 2759 teos
626 2725 668 2757 cx·
690 2717 797 2776 tulabat,
814 2719 872 2777 quia
890 2719 994 2766 Domino
1012 2732 1085 2779 eum,
1104 2719 1125 2767 si
1143 2731 1218 2778 quem

144 2784 245 2842 quirem.
256 2783 314 2828 Cum
323 2781 493 2840 impressiones
500 2779 608 2839 patimur
616 2791 668 2827 cor-
691 2785 838 2845 susciperet,
850 2787 982 2845 olierebat,
992 2788 1138 2847 loquebatur
1145 2789 1197 2833 Deo
1208 2799 1216 2834 ε

143 2851 252 2911 penales,
272 2850 409 2896 exclamare
430 2848 618 2905 consuevimus3
639 2847 668 2893 nt
691 2852 811 2900 clamabat
826 2855 908 2901 autem
920 2856 1025 2914 lloyses3
1040 2856 1099 2913 quia
1114 2867 1162 2900 non
1172 2867 1218 2912 pro

143 2919 204 2966 alios
214 2919 243 2965 ad
254 2917 394 2976 praesidinm
405 2916 475 2962 nobis
485 2927 573 2961 vocare
589 2914 668 2972 possi-
691 2931 732 2977 se,
752 2920 795 2967 sed
812 2933 856 2980 pro
873 2922 941 2969 omni
958 2922 1048 2981 populo
1063 2921 1217 2980 precabatur.

143 2981 616 3041 mus.Premebatursanctusi‘ropbeta,
627 2992 669 3041 ap
691 2986 761 3033 Unde
776 2987 869 3034 dietum
884 2989 922 3035 est
939 2988 964 3034 ei
981 3000 996 3034 a
1013 2989 1117 3034 Dormno
1133 3000 1140 3032 :
1158 2990 1219 3048 Quid

142 3051 364 3116 propinquantibus
387 3050 434 3096 sibi
462 3050 667 3108 persecutoribus.
692 3053 795 3100 clamos?
805 3055 928 3101 Clamabat
938 3054 1025 3102 affeetu
1035 3055 1090 3113 pio,
1105 3055 1131 3101 et
1146 3067 1219 3104 sensu

144 3124 201 3171 Saul
216 3121 296 3182 primo
306 3118 409 3165 infestus
422 3118 514 3163 minato
530 3128 586 3163 eum
603 3117 669 3162 inse·
692 3118 826 3179 profundo,
837 3123 863 3169 et
869 3120 1013 3179 personabat
1023 3121 1050 3166 in
1059 3121 1135 3179 coelo,
1145 3122 1220 3169 mira·

143 3190 267 3251 quebatur
286 3185 397 3235 exercitu
416 3197 423 3229 ε
443 3185 527 3244 postea
547 3182 669 3242 parricida
693 3187 1219 3250 culispetensdignaeoelestibumutmundi
1319 3217 1333 3241 s

143 3260 208 3307 tilius
224 3253 368 3302 imminebat
389 3266 397 3299 a
419 3264 467 3299 non
485 3250 614 3298 contentus
631 3251 670 3297 tu·
693 3255 816 3303 elementa
826 3258 941 3304 mutaret,

133 3323 234 3389 'pientia
249 3323 352 3380 exsilio,
365 3321 442 3368 vitam
456 3319 534 3380 patris
544 3319 669 3378 quaerebat
723 3323 761 3371 lo.
773 3324 884 3383 Denique
895 3326 923 3372 ut
933 3324 1010 3384 ipsius
1020 3325 1067 3373 loci
1079 3325 1168 3375 seriem
1179 3340 1218 3376 fe.
1283 3317 1286 3325 “

143 3397 251 3456 cripere.
262 3393 311 3441 Sed
321 3391 410 3438 abillis
419 3390 561 3450 minuspati
573 3390 669 3449 poterat
692 3403 835 3440 censeamus
845 3406 852 3437 a
865 3392 971 3441 instabat
981 3393 1088 3452 Pharao,
1104 3394 1129 3441 et
1143 3394 1219 3442 iunu-

143 3465 236 3527 qnosin
246 3461 361 3523 praesenti
371 3459 482 3519 videbat,
493 3470 567 3519 quam
579 3458 669 3506 abillis
691 3461 766 3508 meris
783 3461 948 3520 AEgyptiorum
968 3461 1072 3521 stipatus
1091 3464 1217 3524 curribus,

143 3531 384 3596 quosnonridebat3
399 3529 436 3577 est
451 3528 517 3575 enim
528 3527 667 3575 colluctatio
692 3528 793 3586 urgebat
812 3529 927 3576 liebraeos
950 3542 956 3573 τ
979 3529 1036 3576 ltine
1056 3527 1219 3578 circumtusus

144 3601 234 3651 sanctis
244 3611 294 3647 non
308 3597 387 3644 solum
398 3597 515 3644 adsersus
529 3607 627 3643 carnem
642 3598 668 3644 et
692 3595 781 3655 bostis,
799 3597 855 3643 inde
872 3596 1018 3644 interfusum
1034 3609 1100 3644 mare
1117 3597 1217 3657 plebem

144 3669 301 3731 sanquinem,
312 3665 357 3713 sed
367 3663 443 3711 etiam
451 3663 567 3711 adversus
576 3663 669 3722 princi·
692 3662 739 3708 Dei
754 3664 883 3710 clauserat.
898 3664 968 3711 Nulla
984 3665 1010 3711 iu
1026 3666 1100 3712 armis
1114 3665 1218 3720 iiducia,

144 3742 215 3800 patus
224 3740 250 3785 et
258 3734 391 3797 potestates
401 3732 472 3780 istius
482 3732 580 3789 mundi,
591 3733 669 3779 recto-
693 3741 749 3789 spes
756 3730 823 3776 nulla
831 3731 858 3776 in
866 3730 968 3781 viribus,
976 3731 1104 3791 strepebat
1112 3733 1219 3777 mntums

143 3798 591 3866 resquetenebramm,quil'atrounm
599 3800 670 3847 modo
693 3798 765 3844 modo
778 3799 879 3857 querela
894 3801 1054 3857 miserabilis,
1069 3797 1134 3857 quod
1150 3809 1219 3843 corn·

144 3878 172 3924 in
179 3875 251 3922 istius
258 3872 341 3920 saeculi
349 3872 421 3918 nocte
430 3867 544 3916 humanis
551 3867 671 3916 insidiae·
694 3866 790 3915 modius
803 3867 849 3915 sibi
861 3868 924 3917 toret
938 3870 999 3916 dura
1013 3869 1038 3913 in
1054 3866 1152 3923 egypto
1167 3874 1219 3909 ser,-

145 3945 187 3991 tur
207 3941 341 3989 aflectibus.
360 3940 454 3989 tiorum
478 3937 553 3996 igitur
572 3935 671 3985 sanctus
695 3934 780 3982 vitatis
797 3948 870 3984 onera
886 3937 982 3994 subire,
1000 3945 1073 3993 quam
1089 3931 1175 3977 acerba
1192 3930 1220 3977 in

145 4010 226 4059 llarid
236 4022 292 4058 enm
302 4021 387 4070 mares
395 4008 525 4056 adversum
536 4018 563 4053 se
574 4005 671 4053 videret
695 4003 790 4051 deserto
799 4007 876 4052 morto
887 4004 996 4052 consumi
1016 4015 1021 4044 :
1041 4000 1141 4057 quercla
1153 3997 1220 4045 nilnt

145 4078 335 4138 declinemus,
348 4073 527 4126 exclamavitin
538 4073 671 4122 totocorde
695 4072 801 4134 praesidii
826 4072 943 4129 offerens,
967 4066 1101 4128 plurimum
1123 4065 1220 4118 osterum
