2760 4794
365 335 903 387 rursanuomcxvrnnxrosrrro.
1133 338 1179 391 ml

96 420 165 462 mere
179 423 228 462 non
237 413 333 476 posslsi
345 417 420 477 Surge
432 419 507 478 igitur
517 419 548 466 ad
566 432 623 480 pre-
647 423 728 478 mam,
739 425 761 469 et
770 436 840 482 spera
850 425 876 468 ia
886 436 939 470 cum
952 424 1051 484 :etipse
1062 423 1148 484 societ,
1156 425 1178 472 ct

95 482 210 530 candum.
224 486 255 530 lia
266 485 384 546 boraest,
394 499 443 547 qua
456 488 565 535 tentator
578 499 624 534 ne-
647 489 724 535 cdocet
734 491 794 536 acet
802 490 1006 548 lemeajttslib'om
1017 493 1082 539 taam
1088 523 1097 549 ,
1109 491 1180 550 etfre-

45 573 49 581 ·
95 558 153 596 cere
171 554 310 612 consuevit,
325 556 350 601 et
364 555 477 614 nequitia
495 555 625 603 consuevit
647 557 734 603 dicium
750 558 816 603 team
833 559 892 605 sicvt
907 559 1036 605 meridiem.
1048 559 1096 605 Ubi
1111 558 1179 606 enim

95 612 199 666 irruere.
208 621 308 668 Rabona
318 621 369 680 est,
379 635 427 681 qua
437 625 498 670 solet
507 622 624 671 adversus
648 634 707 668 vera
723 623 762 669 est
777 623 854 681 tides,
869 622 971 670 ibitveri
986 625 1087 672 luminis
1100 625 1179 684 qratia

94 681 243 733 tentationes
262 700 348 748 graves
374 691 514 738 remedium
537 691 623 739 venire
648 688 700 736 est:
712 690 754 737 ubi
763 691 911 739 innocentiae
921 692 1042 751 prolixior
1053 692 1179 752 custodia,

94 753 203 800 coeleste.
215 757 390 805 Excubandum
400 759 447 805 tibi
459 761 510 817 est,
527 772 560 806 ne
576 772 624 818 qua
648 757 815 818 virtutumque
825 759 897 818 longa
907 760 1068 807 meditatione
1080 771 1179 818 proces·

94 816 181 866 munde
198 821 306 870 vincaris
324 837 332 869 a
350 825 531 884 providendum
547 825 576 872 ut
594 837 623 872 eo
647 838 701 884 sus,
712 826 756 872 ubi
767 826 882 886 splendor
889 827 960 875 benae
971 827 1126 874 conscientiae
1134 825 1179 873 diu

94 885 205 945 tempore
213 902 262 948 quo
269 890 340 949 potes
347 892 459 949 vincere,
468 904 623 953 nequaquam
646 905 808 951 permanens,
824 894 860 939 ibi
877 893 1042 952 intelligibilis
1053 895 1090 941 est
1101 894 1177 941 meri·

94 951 209 1000 vincendi
220 956 317 1017 tempus
327 958 434 1004 amittas.
647 959 715 1007 dies:
727 959 763 1006 ibi
772 960 797 1006 et
804 960 832 1006 tu
839 961 1085 1008 Christomeniistuae
1093 961 1179 1020 epulas

122 1021 162 1069 ee.
177 1025 207 1070 Et
221 1025 279 1083 quia
294 1026 429 1072 orationem
445 1037 499 1072 esse
516 1027 623 1073 subenn-
647 1024 790 1085 exhibebis,
800 1027 825 1072 et
835 1027 862 1073 in
870 1026 965 1073 divitiis
974 1027 1028 1084 eius
1037 1027 1113 1073 etiam
1121 1026 1177 1086 ipse

93 1087 150 1136 dam
161 1093 244 1139 media
257 1093 329 1140 nocte
347 1093 469 1151 diximus,
482 1093 623 1142 nonminus
645 1094 772 1151 pasceris3
791 1093 827 1140 ita
846 1095 875 1140 ut
896 1106 946 1140 nen
965 1095 1128 1153 praematurus
1149 1090 1176 1143 et

93 1157 168 1204 otiam
178 1159 209 1206 de
217 1160 358 1218 huiusmodi
365 1162 424 1207 bora
432 1161 483 1207 diei
492 1161 622 1208 dicendum
646 1160 722 1206 velox
736 1160 791 1207 veri
809 1160 911 1206 luminis
925 1161 1042 1218 sequatur
1060 1172 1177 1219 occasus,

92 1224 206 1285 videtur3
225 1228 347 1275 contraria
362 1228 429 1274 enim
441 1227 492 1274 diei
507 1240 558 1274 nox
574 1229 621 1275 est.
645 1238 692 1272 nec
702 1225 801 1284 qnidam
813 1226 900 1273 studiis
909 1226 959 1272 tuis
969 1226 1114 1273 tenebrosus
1125 1226 1176 1274 cito

91 1291 157 1350 orriri
165 1294 232 1341 enim
240 1295 290 1341 luci
297 1307 425 1342 commune
434 1307 490 1341 cum
499 1295 623 1343 tenebris?
646 1305 733 1351 vesper
748 1292 889 1352 incumbat,
906 1293 931 1340 ct
940 1306 1014 1353 opera
1025 1295 1088 1341 bona
1100 1295 1176 1342 inter·

91 1359 121 1406 Et
136 1360 194 1406 ideo
210 1361 312 1408 adversa
332 1361 382 1408 sibi
400 1361 486 1407 eadem
504 1362 622 1409 nocturna
644 1359 724 1417 jectus
741 1360 869 1424 impediat.
881 1361 951 1418 Quod
969 1361 990 1407 si
1008 1361 1175 1408 tentationum

91 1427 286 1476 ostveldiurna.
299 1428 446 1475 sicutenim
457 1428 539 1475 media
550 1430 622 1476 nocte
645 1439 694 1473 uox
712 1428 858 1486 advenerit,
881 1440 930 1475 non
951 1429 1075 1476 immerito
1092 1429 1175 1476 media

91 1494 218 1553 primitiva
228 1495 394 1554 AEgyptiorum
404 1495 511 1542 tentator
521 1495 621 1554 occidit,
645 1496 716 1543 nocte
728 1497 890 1556 surgendum,
906 1497 931 1544 et
942 1498 1061 1544 orandum
1073 1498 1132 1557 diu,
1147 1498 1174 1546 et

91 1559 162 1608 etex
178 1574 207 1608 eo
222 1562 377 1620 cognoscitur
391 1562 456 1621 qnod
470 1574 499 1609 ea
514 1563 620 1610 maxime
644 1563 809 1622 protrahenda
828 1566 929 1624 psalmis
951 1566 1074 1624 tempora,
1095 1566 1174 1613 donee

91 1631 152 1679 bora
169 1632 286 1690 operetur
302 1631 470 1688 adversarium
488 1631 547 1678 itae
562 1644 621 1678 con·
644 1632 727 1679 veniat
737 1632 803 1691 dies,
815 1633 840 1679 et
850 1634 977 1681 illucescat
990 1634 1037 1680 tibi
1050 1633 1171 1681 christus.

90 1697 167 1746 trario
182 1700 247 1758 quod
263 1699 399 1746 meridiano
416 1697 526 1757 tempore
542 1699 620 1750 virtus
673 1699 711 1745 52.
728 1699 790 1746 Vide
801 1699 878 1759 igitur
889 1713 921 1748 ne
938 1701 965 1747 et
979 1713 1025 1760 per
1040 1700 1108 1748 diem
1123 1701 1171 1748 tibi

91 1766 248 1815 divinatoris
256 1767 380 1827 operetur.
387 1766 457 1813 Unde
465 1768 491 1813 et
498 1767 619 1813 Abrabam
642 1769 723 1815 media
740 1781 790 1816 nox
807 1769 863 1828 liat,
883 1782 930 1829 quo
948 1769 1034 1816 mnndi
1055 1770 1172 1830 princeps

20 1877 23 1880 Δ
91 1835 156 1883 circa
167 1836 295 1882 meridiem
309 1835 402 1882 sobrias
415 1834 534 1883 tendebat
543 1847 619 1882 excu-
643 1833 786 1882 tenebrosus
799 1837 824 1882 et
839 1838 973 1895 squallidus
988 1838 1172 1896 plenitudinem

91 1903 158 1961 bias,
169 1905 195 1950 et
203 1903 261 1951 boni
271 1903 365 1962 aliquos
377 1902 534 1962 exspectabat
542 1915 619 1951 even·
642 1901 688 1947 tibi
701 1902 981 1950 tentationis'iniundat.
992 1904 1068 1962 Surge
1081 1904 1172 1964 igitur,

93 1971 236 2030 tus,levans
243 1971 326 2018 oculos
335 1983 406 2028 suos,
414 1982 442 2016 ac
452 1970 556 2017 finitima
564 1982 619 2029 per·
643 1966 668 2014 et
676 1970 757 2017 excita
764 1970 832 2016 tuam
839 1971 962 2017 mentem:
972 1983 1020 2016 non
1029 1970 1172 2020 dormitabit

92 2039 207 2098 lustrans,
215 2040 280 2098 quod
288 2051 317 2085 eo
326 2039 437 2098 tempere
445 2038 619 2098 advenientem
642 2037 684 2094 qui
695 2037 801 2085 custodit
814 2039 852 2096 te,
864 2038 885 2085 si
899 2037 924 2086 te
935 2049 985 2085 non
999 2039 1106 2096 reperiat
1116 2039 1172 2086 dor·

90 2106 195 2166 qratiam
205 2106 253 2153 sibi
269 2106 400 2165 quaereret.
412 2106 456 2152 lllo
469 2104 545 2163 igitur
555 2104 619 2151 tem·
642 2105 760 2153 mlentem
772 2119 779 2151 a
790 2105 833 2153 sed
845 2107 941 2165 surget,
954 2105 975 2153 si
990 2106 1016 2154 et
1026 2106 1079 2166 ipse
1094 2106 1172 2154 tuerit

90 2186 151 2236 pore
159 2189 214 2222 cum
223 2175 316 2222 duobus
322 2175 419 2233 Angelis
426 2174 515 2222 sanctis
521 2172 619 2220 divinus
642 2173 691 2219 tuae
701 2173 788 2220 anima
799 2174 889 2233 vigiliis
900 2173 1023 2222 excitatus
1035 2187 1042 2218 ε
1055 2174 1081 2221 et
1095 2174 1171 2234 impe·

91 2243 116 2290 ei
128 2243 215 2302 hospes
229 2243 346 2290 advenit:
358 2242 402 2289 illo
416 2242 526 2301 tempore
538 2241 619 2288 Chris-
641 2241 706 2287 rabit
715 2242 803 2302 vento,
817 2244 843 2289 et
852 2243 896 2290 liet
909 2242 1074 2301 tranquillitas
1086 2243 1112 2289 in
1126 2246 1171 2291 tuo

90 2313 144 2360 tum
154 2315 262 2372 suscepit
272 2311 394 2372 hospitio:
406 2312 449 2358 illo
458 2313 568 2370 tempore
575 2310 618 2358 illa
642 2310 754 2369 pectore,
764 2311 829 2368 quod
840 2309 992 2359 diversarum
1004 2311 1170 2369 procellarum

90 2394 146 2442 quae
157 2382 218 2442 legis
231 2382 256 2428 et
270 2381 404 2440 intelligis,
419 2378 541 2426 celebrata
552 2391 618 2437 mys·
642 2376 740 2423 turbine
761 2377 904 2424 fluctuabat.
921 2377 1074 2437 Surgendum
1094 2377 1170 2438 igitur

90 2449 154 2498 teria
168 2450 233 2497 sunt.
248 2449 349 2507 Quando
361 2449 427 2496 enim
441 2446 518 2506 magis
531 2445 618 2495 debuit
641 2445 719 2490 nobis.
733 2444 800 2493 Solet
815 2445 921 2506 Sponsus
938 2446 1021 2493 media
1038 2446 1109 2493 noete
1125 2459 1171 2494 ve·

90 2517 190 2566 ssdelem
200 2519 283 2567 virum
299 2516 385 2565 divina
400 2515 540 2563 illuminare
554 2527 618 2573 prae·
640 2512 709 2559 nire:
721 2524 780 2560 cave
791 2526 823 2562 ne
834 2514 860 2560 te
871 2514 1034 2561 dormientem
1044 2514 1170 2574 inveniat,

89 2587 183 2645 senta,
201 2599 275 2646 quam
300 2599 357 2633 cum
380 2587 428 2632 lux
448 2583 499 2630 diei
521 2582 618 2642 plenior
641 2592 699 2627 cave
710 2593 742 2628 ne
754 2580 833 2629 facem
845 2582 913 2629 tuam
924 2594 973 2628 non
984 2594 1060 2641 queas
1073 2595 1170 2631 somno-

90 2653 242 2713 reiulgerctt
262 2654 397 2713 lleritoque
422 2652 498 2699 etiarn
519 2652 617 2698 sauctus
640 2650 720 2697 lentus
730 2651 872 2698 accendere.
884 2651 1047 2712 Surgendum,
1059 2651 1168 2713 inquam,

89 2721 180 2780 ioseph
195 2722 301 2782 receptis
319 2720 448 2778 iratribus,
460 2718 485 2766 et
499 2718 616 2766 accersito
640 2719 665 2764 ct
681 2718 785 2765 Domino
798 2718 963 2766 confitendum
978 2720 1027 2778 est,
1037 2721 1066 2768 ut
1080 2719 1170 2781 gratias

89 2788 185 2846 juniore
197 2801 310 2848 germane
322 2801 396 2847 quem
410 2787 517 2834 maxime
529 2786 615 2844 dilige-
641 2795 704 2842 agas.
732 2784 873 2832 Confitenda
897 2786 972 2832 etiam
997 2786 1051 2844 ejus
1074 2785 1170 2843 iudicia

90 2856 146 2915 bat,
156 2858 262 2905 meridie
272 2856 393 2905 instaurat
404 2855 553 2903 convivium.
561 2855 617 2901 Erat
641 2851 746 2911 aeterna3
755 2851 784 2898 ut
794 2852 914 2911 quidquid
922 2852 1057 2900 nobisboni
1065 2853 1169 2912 accidit,

35 2920 38 2925 ’
90 2925 157 2972 enim
165 2925 281 2972 meridies
289 2926 316 2971 in
324 2924 400 2971 sancti
410 2923 500 2982 loseph
508 2923 616 2981 pectore,
642 2917 695 2973 eius
703 2917 806 2975 justitiae
816 2920 976 2977 deputemus:
985 2930 1013 2965 ac
1018 2919 1072 2967 sive
1078 2920 1170 2967 divites

89 2994 185 3053 quando
195 2994 262 3041 laetas
270 2994 354 3052 epulas
362 2991 478 3038 iratribus
487 2988 617 3048 splenden·
641 2995 739 3042 sumus,
748 2985 800 3032 sive
812 2986 943 3032 salubriter
952 2987 1070 3044 valemus,
1079 2986 1104 3032 id
1116 2988 1171 3044 ius·

89 3061 122 3108 tis
139 3062 224 3121 gratiae
243 3061 411 3117 ministrabat,
430 3057 617 3115 suavissimique
641 3051 702 3097 tiliae
725 3051 825 3098 Domini
842 3051 995 3108 deteramus;
1014 3051 1072 3109 quia
1089 3053 1170 3109 justus

90 3126 158 3176 cibos
180 3128 281 3186 alloquii
300 3125 442 3183 dividebat3
462 3125 491 3172 ut
508 3136 564 3170 cum
580 3122 618 3168 illi
642 3117 692 3176 cst,
702 3119 730 3165 ut
738 3132 799 3178 opus
811 3132 883 3168 suum
891 3120 990 3167 tueatur
997 3131 1025 3166 ac
1035 3122 1131 3180 servet,
1141 3122 1171 3169 ut

89 3208 189 3258 poenam
210 3195 292 3242 fratris
313 3192 454 3241 metuerent
471 3191 574 3252 appetiti
593 3190 618 3237 et
642 3198 702 3243 ques
722 3187 799 3234 nudos
820 3186 930 3233 indotata
948 3186 1053 3245 quadam
1074 3190 1169 3235 natum

89 3262 186 3312 venditi
199 3263 225 3308 in
243 3261 404 3318 servitutem,
422 3260 466 3306 ille
484 3259 568 3307 divino
577 3256 618 3314 ju·
642 3253 705 3300 sorte
720 3253 747 3300 iu
761 3254 824 3300 hano
834 3252 939 3312 projecit
949 3254 1056 3312 corporis
1066 3255 1170 3302 infirmi·

89 3332 154 3380 dicio
163 3331 223 3392 ipsis
233 3331 327 3379 diceret
339 3342 392 3377 esec
401 3329 541 3389 provisum,
553 3325 617 3373 utin
641 3323 732 3382 tatem,
744 3324 827 3384 vigore
844 3322 935 3380 animi,
952 3323 981 3375 et
996 3323 1169 3373 misericordiae

90 3403 216 3461 AEgypturn
229 3400 402 3455 deduceretur,
413 3397 454 3456 qui
466 3396 556 3442 famem
566 3407 618 3442 sus·
641 3401 691 3438 ⁸11ae
713 3391 778 3455 dete
789 3402 911 3451 pauperes
930 3389 1020 3437 vestire
1044 3391 1167 3450 dignetur.
1206 3435 1211 3447 ,

89 3466 225 3514 tineniibus
233 3464 374 3511 alimoniam
381 3475 430 3509 uon
438 3460 547 3521 negaret.
564 3514 566 3519 ¹
640 3458 709 3515 Quod
728 3457 813 3517 utique
831 3457 898 3523 omni
915 3458 1037 3516 agendum
1057 3459 1167 3518 tempore

120 3536 158 3581 bl.
168 3535 290 3581 Habemus
297 3544 355 3589 ergo
365 3525 392 3576 in
399 3531 470 3578 nobis
477 3530 616 3579 meridiem.
640 3525 798 3572 manifestum
808 3526 854 3585 est3
863 3525 891 3572 ui
900 3537 946 3593 nec
957 3525 1011 3584 dic,
1022 3538 1068 3573 nec
1079 3528 1152 3585 nocte
1158 3561 1167 3588 ,

90 3602 202 3652 lleridles
212 3602 251 3648 est
265 3601 304 3658 el,
323 3599 364 3646 cui
380 3599 481 3656 justitiae
495 3600 530 3646 sol
540 3599 618 3646 reiul·
640 3607 686 3642 nec
704 3594 755 3640 ullo
771 3595 882 3653 tempore
893 3605 908 3638 a
919 3592 1053 3651 gratiarum
1070 3595 1167 3642 actione

89 3669 259 3729 get,etcuji1s
271 3679 345 3727 opere
353 3667 430 3724 bone,
441 3668 483 3714 vel
493 3665 618 3724 cogitatio-
641 3661 774 3707 debeamus
786 3672 882 3708 vacare.
1027 3728 1029 3732 ι
1081 3662 1084 3666 ’

89 3738 162 3785 uibus
180 3737 302 3796 innoxiis,
318 3736 344 3783 ei
359 3747 423 3794 pura
441 3734 524 3781 mente
543 3734 616 3792 atque
670 3731 708 3777 53.
720 3729 836 3790 Sequitur
845 3737 930 3778 versus
940 3731 1167 3791 septimusrnare
1223 3769 1224 3772 ,

88 3803 184 3852 sincera
197 3805 308 3863 pascitur
319 3800 438 3849 Christus.
454 3801 527 3848 Disce
542 3801 617 3860 igitur
641 3811 691 3857 ceps
706 3809 746 3856 eqo
761 3811 813 3845 som
828 3799 933 3845 emnium
947 3800 1077 3847 linealiter
1094 3801 1128 3853 te,
1145 3800 1167 3842 et

88 3872 291 3930 quemadmodum
309 3870 356 3917 tibi
377 3869 430 3928 ipse
450 3866 524 3915 iacias
541 3868 618 3915 meri·
641 3867 815 3914 custodientium
838 3868 952 3916 meadeta
969 3869 1020 3914 tea.
1042 3863 1122 3909 ilabet
1141 3865 1167 3910 et

88 3937 163 3987 aliem.
173 3940 267 4045 Βὲυεῐα,
276 3936 367 3998 iuquit,
376 3937 406 3985 od
417 3937 545 3984 Dominam
553 3936 616 3983 edom
640 3932 747 3979 Christus
759 3934 890 3994 participes
901 3935 973 4000 atque
986 3930 1108 4031 consigrtes
1118 3929 1166 3980 sui.
