2760 4794
399 440 958 487 mesuriruuxnvrunnnnnnrrn.
1181 430 1231 485 see

144 520 199 582 lus,
211 521 254 581 qui
262 521 314 569 ait:
328 521 457 570 Veritatem
466 525 516 570 dico
522 555 531 580 ,
546 535 594 570 noa
607 535 673 571 mert-
700 519 789 582 tionis,
797 522 841 570 aut
848 520 1048 583 propitiationem
1058 530 1103 580 pro
1109 522 1231 581 peccato,

145 592 202 636 lior.
212 589 259 636 Sed
266 600 341 648 quare
356 590 421 637 solus
431 591 472 638 hic
483 589 675 648 redimettQuia
699 591 828 640 sedetiam
840 591 861 638 si
877 590 908 656 dp
923 589 993 638 fideli
1009 600 1162 650 quocumque
1181 588 1225 638 ho-
1276 623 1280 631 .

144 667 218 703 nemo
240 657 320 716 potest
335 669 392 705 eum
412 670 509 719 aequare
528 658 634 719 pietate3
646 659 675 706 ut
699 659 766 706 mine
777 658 899 719 accipias,
908 657 986 720 possit
996 655 1101 717 intelligi
1111 655 1169 717 quia
1176 644 1226 709 noh

145 735 190 784 pro
200 726 304 772 servulis
315 725 365 772 suis
376 725 485 773 animam
495 739 564 773 suam
578 727 653 786 ponat
666 740 672 772 ι
699 727 807 774 deheant
824 725 912 786 singuli
927 724 1127 787 propitiationem
1138 737 1209 772 suam
1215 737 1225 787 ς

144 804 218 840 nemo
226 793 381 854 integritate3
390 808 475 843 omnes
482 796 551 842 enim
561 796 606 844 suh
616 807 675 856 pec·
699 795 756 855 quia
770 795 912 857 propitiatio
927 795 1038 843 omnium
1053 792 1162 842 Christus
1174 792 1226 860 est,

145 861 308 918 enimomnes
324 862 381 908 hdie
398 862 465 910 illius
476 863 606 920 subjacent
615 876 674 925 pro-
699 863 724 910 et
732 862 784 923 ipse
793 864 830 911 est
838 862 1008 911 universorum
1017 860 1146 909 redemtio.
1153 859 1227 936 Cujus

143 929 258 988 lapsioni.
269 929 340 976 Solus
353 930 486 977 Redemtor
501 932 614 992 eligitur,
630 931 673 991 qui
699 932 765 978 enim
776 931 884 978 hominia
894 931 991 992 sanguis
1002 930 1054 989 lam
1070 930 1173 977 idoneus
1187 927 1226 996 est

143 997 331 1056 peccatoreteri
340 997 462 1044 obnoxius
468 1010 520 1046 esse
530 1011 579 1046 non
588 1000 672 1061 possit.
698 998 728 1045 ad
744 998 923 1046 redemtionem
937 997 993 1057 sui,
1008 1009 1064 1044 cum
1074 1009 1119 1058 pro
1129 995 1226 1043 redem-

142 1066 205 1123 Ergo
224 1078 269 1124 per
288 1065 428 1124 hominem,
442 1067 574 1114 Dominum
586 1069 673 1123 ‚lesum
697 1065 765 1112 tione
774 1067 884 1113 omnium
892 1063 1226 1136 suumsanguinemchris'tus
1287 1116 1289 1120 Α

142 1129 325 1190 intelligamus,
335 1133 378 1190 qui
385 1132 494 1191 suscepit
502 1133 608 1180 hominis
617 1146 674 1180 con·
698 1133 832 1180 effuderit?
842 1134 883 1181 Est
899 1146 956 1193 ergo
972 1134 1114 1192 cuiusquam
1129 1131 1227 1193 sanguis

141 1197 276 1256 ditionem3
299 1200 328 1246 ut
345 1198 372 1244 iu
391 1209 467 1246 carne
483 1211 527 1246 sna
547 1203 674 1260 peccatum
698 1201 741 1260 qui
751 1201 841 1248 Christi
855 1202 933 1262 possit
946 1200 1062 1263 sanguini¹
1074 1200 1227 1261 compararit

142 1265 256 1312 omnium
267 1265 438 1326 crucifigeret,
450 1266 476 1314 ct
486 1268 674 1330 chirographum
701 1269 747 1316 dut
756 1268 811 1329 quis
822 1269 873 1316 tam
884 1268 970 1329 potens
985 1269 1073 1328 homo,
1084 1268 1127 1327 qui
1139 1280 1184 1327 pro
1199 1281 1227 1316 se

143 1334 317 1381 universorum
328 1346 372 1380 suo
381 1347 468 1381 cruore
480 1336 583 1382 deleret.
700 1337 899 1396 propitiationem
914 1349 983 1384 suam
995 1337 1053 1385 dare
1063 1335 1141 1397 possit
1152 1347 1226 1395 supra

177 1401 215 1448 lt.
225 1402 273 1449 Sed
284 1401 346 1448 lorte
355 1402 422 1450 dicas
429 1415 437 1447 r
444 1403 570 1460 Quomodo
579 1403 674 1451 redem-
699 1417 753 1452 eam
762 1405 975 1466 propitiationem,
984 1418 1057 1469 quam
1066 1406 1092 1452 in
1100 1418 1127 1453 se
1136 1404 1228 1453 obtulit

143 1471 214 1516 turus
224 1471 425 1531 fraternegatur3
435 1473 551 1532 cumipse
562 1473 654 1520 dixerit
665 1487 672 1518 ε
696 1473 820 1532 Christus,
828 1475 871 1535 qui
880 1476 944 1529 solus
951 1476 1002 1522 Deo
1013 1473 1131 1521 mundum
1141 1485 1227 1536 recon-

142 1539 673 1598 NarrobocomminemfrotrihosmeioiSed
698 1541 793 1590 ciliarit
818 1556 864 1603 per
889 1555 961 1590 suum
978 1541 1143 1602 sanguinem?
1166 1542 1227 1600 Qum

143 1618 195 1653 non
206 1607 276 1665 quasi
287 1606 363 1654 freter
372 1607 457 1666 nohis,
468 1608 512 1655 sed
522 1607 590 1667 quasi
600 1608 672 1656 homo
697 1609 774 1666 mep'or
785 1609 879 1671 hostia3
890 1611 956 1671 quod
967 1610 1121 1670 praestantius
1130 1609 1223 1658 sacrili·

141 1672 252 1723 christus
263 1675 348 1733 lesus,
357 1675 383 1721 iu
392 1688 440 1736 quo
448 1676 513 1722 Deus
524 1675 591 1734 erat3
601 1676 672 1724 nohis
697 1677 777 1735 cium3
788 1680 831 1738 qui
842 1679 930 1726 molior
941 1679 1086 1738 advocatus,
1098 1690 1170 1738 quam
1181 1677 1225 1739 qui

143 1742 244 1802 peccata
255 1742 357 1790 dimisit.
366 1743 406 1790 Sic
415 1744 481 1790 enim
490 1743 609 1804 scriptum
620 1746 671 1792 est:
696 1759 741 1804 pro
753 1747 862 1807 peccatis
876 1748 986 1795 omnium
997 1747 1075 1794 iactus
1087 1747 1124 1794 est
1134 1746 1225 1807 depre-

144 1813 207 1858 Deoa
221 1813 272 1859 erat
287 1812 313 1859 io
328 1812 420 1859 Gliristo
439 1814 554 1859 mundum
569 1814 672 1860 neone·-
697 1811 774 1873 catio,
786 1816 813 1863 ot
823 1815 930 1863 animam
940 1829 1009 1865 suam
1020 1815 1090 1863 dedit
1099 1827 1143 1875 pro
1153 1815 1225 1863 nobis

144 1879 205 1925 lions
216 1879 269 1926 siit.
280 1879 309 1925 ln
323 1879 366 1926 illo
382 1878 476 1928 Christo
491 1879 564 1939 lesu,
582 1880 672 1940 dequo
696 1880 890 1930 redemtionem?
899 1883 952 1929 Non
967 1882 1086 1942 quaeritur
1097 1893 1153 1941 ergo
1167 1894 1223 1940 pro-

141 1946 195 1993 solo
206 1945 345 1993 dictumest
356 1960 363 1992 r
373 1949 434 2009 Quia
446 1947 549 1996 Verbum
559 1961 615 1995 caro
622 1949 673 2007 sac·
696 1949 805 2010 pitatio,
815 1951 857 1998 aut
865 1950 985 1998 redemtio
992 1950 1156 2010 singulorum
1166 1951 1225 2009 quia

144 2015 408 2072 timerettimcret
421 2017 447 2063 to
463 2016 538 2063 nobis.
549 2017 600 2062 Non
615 2028 673 2076 ergo
696 2017 919 2078 omninmpretium
925 2017 1226 2078 sanguisestchristi‚quo

143 2082 213 2142 quasi
223 2082 314 2142 irater,
329 2083 374 2131 sed
388 2084 458 2143 quasi
468 2083 588 2130 Dominus
602 2085 673 2131 habi·
696 2097 740 2132 nos
751 2086 857 2134 redemit
869 2087 992 2134 Dominus
1005 2086 1140 2146 lesus,qui
1157 2088 1225 2136 solus

142 2151 206 2207 tavit
217 2151 341 2210 innotis,
352 2164 407 2199 cum
418 2151 543 2198 habitaret
551 2151 577 2198 in
588 2163 671 2200 carne.
696 2154 792 2200 Patrem
800 2154 977 2212 reconciliavit,
984 2155 1009 2201 et
1016 2154 1135 2201 laborauit
1145 2166 1224 2213 usque

142 2218 203 2266 Cum
221 2219 297 2278 igitur
317 2219 516 2278 reconciliaverit
530 2220 583 2266 Deo
600 2231 673 2267 mun·
697 2221 724 2267 in
738 2221 828 2280 finem:
843 2223 901 2283 quia
923 2223 1032 2268 nostmm
1048 2222 1156 2269 laborem
1170 2223 1224 2282 ipse

141 2288 217 2346 dum,
232 2288 318 2348 utique
337 2287 391 2348 ipse
408 2287 609 2334 reconciliatione
624 2299 673 2334 non
697 2289 805 2348 suscepit
813 2290 912 2336 dicens:
921 2289 1002 2339 Venite
1010 2291 1040 2337 nd
1050 2303 1086 2338 rae
1095 2304 1173 2339 omnes
1184 2294 1226 2352 qut

144 2355 222 2415 eguit.
232 2356 278 2404 Pro
289 2369 336 2417 quo
348 2357 414 2403 enim
424 2358 525 2415 peccato
535 2367 579 2404 suo
588 2357 673 2416 propi·
697 2355 809 2406 laboratis
810 2388 859 2405 .....
876 2360 898 2404 ct
912 2370 952 2418 epo
968 2358 1073 2415 reficiam
1088 2372 1138 2407 vos.
1159 2359 1222 2408 Vide

143 2425 218 2475 tieret
232 2426 324 2484 Mum,
334 2425 377 2487 qui
393 2426 460 2472 nulla
473 2425 575 2484 peccata
585 2437 673 2483 cogno·
697 2424 866 2474 laborantem:
880 2427 999 2474 laborari
1014 2428 1133 2485 clamoris,
1144 2442 1224 2477 rancor

143 2492 199 2540 viti
217 2493 330 2554 Denique
349 2492 491 2541 didrachma
515 2493 672 2554 poscentibus
695 2492 764 2551 lacte
773 2497 912 2555 soettaoces
919 2508 984 2543 mcoe.
991 2494 1020 2542 Et
1029 2494 1224 2546 alibialsseclior

141 2561 249 2620 ludaeis,
266 2562 331 2620 quod
345 2574 390 2623 pro
405 2563 506 2622 peccato
521 2561 624 2610 dabatur
640 2576 672 2610 ex
696 2561 756 2619 qood
771 2558 856 2608 tonum
866 2563 911 2617 est,
923 2562 1064 2621 concupivit,
1079 2563 1227 2622 requiescens

132 2631 222 2697 hege,
235 2629 300 2678 dixit
315 2630 346 2678 ad
360 2631 479 2678 Petrum:
496 2633 589 2690 Simon,
607 2646 671 2692 repes
695 2629 756 2676 ieter
765 2631 847 2678 sortes.
858 2629 887 2676 ut
904 2628 986 2676 inira:
1002 2631 1127 2690 supposuit
1141 2630 1223 2678 horne·

144 2703 212 2746 teme
222 2699 567 2761 aquibusoocipiuottribolcm
576 2701 671 2749 micen-
694 2711 748 2744 rom
763 2711 832 2746 suum
844 2699 875 2746 od
889 2697 1059 2756 laborandum,
1070 2701 1092 2746 ct
1103 2699 1178 2758 factos
1188 2703 1230 2769 cst¹

143 2781 210 2825 soni,
221 2783 237 2815 a
253 2769 306 2827 filiis
323 2771 384 2826 sete,
399 2773 441 2817 ant
459 2769 489 2817 ab
504 2770 608 2818 altenis?
624 2774 671 2818 ne·
694 2767 732 2813 vir
744 2767 857 2826 apricolo.
872 2767 933 2826 Ergo
943 2766 1015 2814 homo
1028 2779 1078 2814 non
1089 2765 1158 2814 dabit
1170 2768 1222 2828 jam

143 2839 234 2896 spondit
241 2839 339 2884 Peiros:
349 2838 386 2885 Ao
396 2839 486 2885 alienis.
497 2840 541 2886 cot
550 2839 610 2885 discit
621 2843 671 2887 Do-
695 2834 893 2892 propitiationem
914 2847 998 2895 suam,
1018 2848 1064 2882 nec
1089 2835 1224 2884 redemtio·

143 2907 229 2952 mrme.
244 2907 308 2966 oreo
327 2905 393 2952 reneri
407 2909 461 2953 suni
477 2908 529 2963 soii.
548 2908 577 2955 ur
593 2911 671 2954 aorem
694 2912 765 2959 neme
777 2901 834 2959 quia
849 2901 927 2948 semei
941 2901 1039 2949 aelurus
1050 2901 1088 2948 est
1097 2913 1112 2948 a
1122 2903 1223 2960 peccato

143 2986 192 3020 non
205 2974 545 3032 taceamnetieopeoeoem
547 3005 597 3020 .....
607 2978 671 3023 mirre
695 2980 739 3027 ner
761 2969 906 3027 sanguinem
926 2969 1024 3016 curisti.
1039 2968 1169 3016 Lanoraoit
1183 2970 1223 3016 ta-

144 3041 255 3096 temere,
271 3043 293 3087 et
312 3054 365 3087 eom
373 3043 458 3100 piscem
473 3045 514 3099 qni
522 3044 613 3101 primns
628 3044 672 3089 ad-
695 3047 767 3094 men,
778 3037 806 3082 ut
818 3036 901 3082 servet
910 3037 1032 3095 praecepta
1044 3036 1160 3095 vivendi,
1172 3039 1222 3085 eto

136 3109 270 3164 ,sompes-12,
281 3108 349 3166 lolle‚·
364 3110 386 3153 ee
396 3109 476 3166 aperto
487 3121 526 3154 ore
538 3108 586 3166 ejus
592 3140 600 3165 ,
611 3111 672 3155 pm.
695 3101 815 3148 mandatis
829 3102 970 3149 coelestibus
980 3115 1029 3150 non
1039 3102 1145 3150 recedat.
1158 3105 1223 3152 Dum

144 3177 193 3222 aries
204 3177 328 3221 staterem:
342 3175 407 3221 ilium
419 3175 573 3223 tollensdabis
583 3189 625 3236 pro
636 3190 672 3224 me
696 3167 772 3227 Vivit,
791 3169 817 3214 1¹¹
834 3169 918 3217 ¹³h⁰f³
936 3170 982 3228 sit,
999 3170 1024 3217 θῑ
1043 3171 1225 3230 ΡθῐθθὙθῐθῐίΙῑ

143 3246 167 3290 et
176 3255 219 3302 pro
230 3245 260 3289 te.
270 3242 381 3293 Ostendit
392 3242 457 3301 quod
467 3253 517 3288 non
526 3255 570 3302 pro
581 3255 607 3290 se
614 3256 672 3307 pro-
696 3250 738 3296 eor
750 3241 779 3286 ut
789 3238 858 3286 vivat
867 3238 892 3284 in
903 3238 992 3300 linem,
1003 3251 1035 3286 ne
1045 3238 1070 3287 et
1080 3239 1133 3298 ipse
1143 3241 1223 3289 morte

143 3309 299 3370 pitiationem
317 3310 406 3357 debeat
424 3312 595 3369 peccatorum
613 3312 671 3372 quia
696 3308 831 3369 moriatur,
855 3320 912 3359 cum
935 3309 968 3358 sit
986 3308 1038 3370 iam
1062 3308 1223 3359 redeminsa

144 3391 229 3427 servus
246 3379 340 3437 peccati
358 3391 408 3424 non
426 3379 492 3439 erat,
509 3379 552 3427 sed
563 3380 593 3426 alr
604 3381 670 3427 omni
695 3378 782 3425 morte.

145 3447 440 3496 eratlihererrorelilius
451 3448 592 3495 Dei.Filius
604 3450 670 3497 enim
725 3445 931 3512 reputantem
952 3447 1087 3497 servaverit
1107 3447 1222 3499 mandata

145 3514 221 3573 liber,
238 3527 323 3562 servus
339 3515 418 3562 estin
434 3515 513 3562 reatu.
530 3517 590 3575 Ergo
606 3517 671 3565 liber
694 3515 766 3575 vitae,
784 3529 834 3564 non
849 3517 944 3565 videbit
958 3517 1101 3578 interitum,
1113 3531 1169 3566 cum
1183 3520 1225 3567 vi·

144 3583 191 3630 isle
202 3582 233 3630 ab
244 3582 373 3641 omnihus,
387 3593 435 3629 nec
449 3584 559 3642 pretium
574 3585 672 3632 redem-
696 3584 760 3632 derit
769 3585 831 3632 mori
842 3597 896 3645 eos,
904 3587 947 3645 qui
955 3585 1003 3632 sibi
1013 3587 1187 3647 sapientissimi
1196 3588 1223 3636 et

145 3651 218 3698 tionis
231 3651 318 3713 animae
335 3664 385 3698 suae
397 3650 451 3708 dat,
466 3651 536 3709 cujus
548 3653 671 3711 sanguinis
695 3652 880 3710 pmdentissimi
895 3654 922 3701 in
936 3655 983 3702 hoc
999 3656 1087 3703 seeculo
1102 3655 1222 3704 videban-

145 3720 252 3778 pretium
267 3720 363 3779 poterat
375 3719 501 3766 abundare
512 3720 542 3767 ad
556 3721 672 3770 universa
695 3720 745 3766 tur.
756 3720 826 3778 Quod
836 3719 975 3780 specialiter
985 3723 1016 3770 ad
1027 3723 1118 3771 scribas
1129 3723 1154 3770 et
1161 3723 1224 3782 pha·

145 3788 229 3834 niundi
241 3789 314 3835 totius
324 3788 467 3835 redimenda
476 3790 586 3847 peccata.
595 3790 672 3838 liecte
697 3789 778 3839 risaeos
795 3790 903 3851 spectat,
922 3792 966 3852 qui
982 3792 1030 3840 sibi
1049 3793 1177 3842 cathedras
1194 3792 1222 3841 in

144 3867 202 3915 crgo
214 3856 274 3903 alios
284 3856 388 3916 liberat,
399 3856 442 3916 qui
457 3867 501 3919 pro
517 3858 544 3904 se
554 3857 618 3905 nihil
628 3858 673 3906 de-
697 3856 823 3918 synagogis
845 3857 984 3918 vindicant,
1004 3860 1073 3921 quasi
1094 3858 1223 3920 sapientiae

145 3923 213 3971 beat.
697 3925 1222 3990 principatquniveretrustralahorant,

177 3991 215 4037 15.
227 3991 283 4040 Plus
301 3991 400 4053 adjicio.
416 3993 468 4041 Non
488 3992 566 4041 solum
583 4005 628 4055 pro
645 4006 672 4042 se
697 4007 752 4043 cunr
763 3994 850 4057 putant
859 3998 917 4057 quia
927 4009 972 4056 per
980 3996 1147 4044 didrachmum
1158 3994 1223 4042 lihe-

144 4057 255 4111 Christus
263 4059 370 4124 pretium
377 4060 508 4110 nondelret
517 4074 566 4111 suae
576 4062 674 4110 redem-
696 4061 864 4125 rentur2cnm
882 4064 991 4126 spiritale
1009 4061 1119 4124 pretium
1133 4060 1225 4115 animas
