2760 4794
145 465 190 514 ἃ)
533 467 653 516 saecul
668 465 828 510 annuosn

144 549 198 598 cuit
215 546 300 595 &ons
313 561 320 594 r
331 548 369 596 Sic
388 547 518 597 termitem
537 551 559 596 te
577 550 601 595 io
623 550 673 595 nita
696 547 832 595 humiliatos
850 558 917 603 sum,
933 545 955 594 ct
966 541 1023 595 sam
1037 557 1053 593 o
1069 541 1242 607 hermem

144 631 214 672 ineo,
232 619 254 663 et
275 617 299 662 in
315 617 409 662 nemim
430 618 470 664 luo
491 616 569 664 leooto
588 628 673 662 mauros
695 614 904 675 noremtquando
923 625 949 660 se
965 611 1106 662 leumiiiare
1115 611 1241 675 deberet,

145 697 218 729 saeos.
232 685 363 742 Tamquam
374 684 439 744 adipe
453 685 476 730 et
487 685 622 743 propasome
637 696 674 729 re·
696 681 1241 744 etnoveratquandosileredeiloret.0bnr·

145 751 672 811 plecturcm'mnmea.lpseestsinusanimae,
696 751 757 810 tuit,
768 764 800 799 ne
812 751 864 810 ipsa
879 750 986 811 litigiosa
1000 762 1059 798 cnm
1078 749 1241 811 obiurganti-

144 820 268 867 secreium
279 819 395 867 orationis
406 819 474 878 ejus,
485 819 620 878 penetralia
631 831 673 866 vo·
696 819 742 865 bus
751 819 906 867 contentione
915 817 1086 878 perstreperet
1096 831 1105 864 ι
1117 817 1239 865 humilia·

145 886 261 946 luntatis,
270 889 296 935 et
303 888 413 948 quadam
421 887 600 935 recurrentium
605 887 673 934 voto-
696 888 735 934 tus
747 891 798 946 est,
809 889 837 935 ut
846 888 968 935 tumorem
979 885 1108 944 dejiceret
1118 886 1239 946 superir-

145 969 201 1005 rum
221 957 307 1004 iriiims
323 957 487 1017 receptacula.
498 955 567 1002 Unde
578 955 672 1013 etiusti
696 968 764 1014 rum,
776 957 817 1003 vel
834 955 863 1002 nt
879 955 944 1015 ipsos
955 954 1080 1014 quemodo
1099 954 1238 1003 humidare

145 1023 172 1070 in
183 1023 285 1072 Abralm
301 1023 356 1070 sinu
371 1023 528 1082 requiescere
542 1023 658 1082 leguntur
663 1053 672 1079 ‚
696 1036 722 1071 se
742 1024 876 1083 deberent,
897 1036 941 1072 suo
961 1023 1063 1071 doceret
1086 1022 1211 1085 exemplo
1226 1032 1238 1073 t

145 1091 211 1149 quod
229 1091 316 1149 ineius
331 1091 457 1151 gratia,in
474 1090 527 1148 ejus
538 1091 637 1150 requie,
647 1091 673 1136 in
695 1090 764 1137 siluit
779 1103 793 1137 a
811 1091 895 1150 bonis;
910 1090 969 1150 quia
982 1091 1056 1137 lona
1077 1088 1239 1139 conscientia

146 1159 202 1215 ejus
217 1160 358 1219 placiditate
377 1158 550 1218 requiescant,
564 1159 606 1217 qui
616 1171 673 1205 coa·
695 1170 744 1209 non
753 1158 1238 1218 epetdelensloneverborum‚quesao

145 1227 281 1274 lormemei
293 1227 418 1274 induerint
428 1226 552 1285 iidem,et
560 1226 672 1274 eamdem
695 1226 755 1273 nixa
775 1229 812 1275 est
832 1226 985 1286 testimonio,
1002 1226 1057 1286 ipsa
1077 1225 1125 1275 sui
1146 1226 1237 1286 index.

144 1291 171 1339 iu
180 1293 374 1354 bonisoperibus
390 1292 495 1341 fecerint
510 1294 671 1341 voluntatem.
696 1294 888 1356 ideoquejustus
897 1295 959 1342 dicit
971 1309 977 1341 :
990 1296 1050 1357 Quis
1065 1296 1235 1353 contradicat,

176 1361 214 1409 la.
232 1363 281 1409 Sed
300 1362 363 1410 forte
382 1361 485 1409 miretur
494 1362 598 1422 aliquis,
615 1375 672 1409 cnm
696 1367 737 1411 aut
747 1366 799 1423 puis
809 1366 901 1412 resistat
912 1363 985 1411 milii?
996 1362 1027 1410 et
1040 1363 1140 1411 Paulus
1155 1362 1234 1411 dicite

144 1429 263 1476 Dominus
280 1429 373 1476 dixerit
389 1442 433 1488 per
451 1442 478 1476 os
497 1430 590 1489 David,
607 1432 673 1490 quod
696 1432 755 1480 Mitti
769 1434 831 1478 enim
842 1445 886 1493 pro
901 1433 1002 1479 minimo
1017 1435 1065 1488 est,
1087 1434 1119 1479 ut
1137 1445 1155 1478 n
1172 1430 1235 1481 volu

145 1496 292 1544 humiliabat
308 1497 334 1543 in
349 1496 444 1554 jejunio
462 1497 570 1544 animam
588 1511 672 1557 suam3
695 1499 820 1558 diiudicer,
832 1500 874 1547 aot
885 1498 1027 1546 othomam
1038 1497 1235 1547 dtemdverau

145 1565 266 1625 quomodo
281 1564 334 1624 ipse
345 1565 425 1611 David
439 1565 474 1611 ait
489 1565 517 1611 in
531 1567 673 1624 posteriori·
696 1567 873 1616 calumniantes
886 1567 912 1615 et
928 1566 1073 1627 peccatores
1088 1565 1179 1625 iustus
1191 1577 1234 1615 sn

145 1632 211 1679 bus:
228 1635 255 1681 si
271 1647 320 1679 aon
337 1634 455 1680 linmilitor
474 1634 614 1694 sentimum,-
633 1636 673 1682 sod
693 1634 921 1691 jndiciocontentus
931 1634 1234 1683 estameritornmanten

144 1703 359 1749 cxoltooiouiatom
369 1701 672 1750 menm.Verumisconsi·
695 1705 923 1762 suorumjudicium
930 1703 1024 1751 Christo
1031 1704 1160 1751 reservat.
1166 1702 1233 1753 ldoo·

146 1769 215 1816 deret
230 1770 297 1816 aliud
316 1781 369 1817 esse
388 1769 453 1828 quod
475 1769 505 1816 ad
526 1771 672 1829 sapientiam
695 1784 743 1830 que
754 1772 862 1819 addidit:
873 1773 918 1833 Qui
929 1772 1042 1830 dejudicat
1052 1772 1234 1828 me,1›onim

145 1838 236 1884 inentis
246 1837 367 1897 retertur,
378 1838 448 1885 aliud
457 1838 522 1899 quod
530 1839 561 1886 ad
571 1838 673 1885 humili·
695 1841 736 1886 cst.
755 1840 924 1887 pulcherrime
935 1851 992 1886 eum
1008 1838 1124 1896 iudicem
1143 1838 1232 1901 elegit,

144 1907 673 1966 telemcordis:sapientiamentissublimis
695 1907 739 1966 qui
757 1909 825 1955 nulle
842 1907 929 1956 fraude
940 1907 1053 1966 fallatur3
1065 1906 1169 1957 nteurn
1185 1918 1231 1957 not

145 1977 195 2033 osl3
211 1975 331 2034 sapientia
344 1975 427 2022 autern
439 1975 520 2022 carnis
535 1988 584 2023 non
599 1975 673 2023 delict
695 1977 789 2023 occuito
799 1980 960 2037 preteream,
968 1989 1014 2024 nec
1024 1975 1136 2024 infirmae
1148 1974 1232 2025 condi·

145 2043 395 2091 indarillumiliabat
407 2055 464 2102 ergo
477 2043 558 2091 David
569 2043 672 2101 injeju-
695 2044 769 2092 tionis
787 2046 869 2106 lapsus
887 2045 992 2093 oliendat
1007 2058 1014 2091 r
1031 2043 1075 2104 qni
1100 2042 1232 2105 smmum

145 2112 302 2160 nioauirnam
312 2113 431 2172 suam,nt
442 2112 673 2172 castigandumnos·
694 2112 759 2160 norit
775 2112 909 2173 ignoscere.
923 2113 959 2160 dd
974 2111 1057 2159 omnia
1072 2110 1156 2173 igitur
1169 2112 1230 2163 uilio

145 2183 189 2228 trae
201 2180 281 2229 carnis
292 2182 414 2229 tumorem
424 2179 533 2228 doceret.
543 2181 672 2228 Exaltabat
695 2179 829 2228 silentium.
839 2180 864 2227 Si
874 2184 1003 2241 peccatum
1014 2180 1149 2242 agnoscis,
1159 2181 1229 2243 tacet

146 2252 252 2300 ammam
265 2251 403 2310 Propheta,
416 2262 462 2310 per
479 2250 611 2297 sublimem
626 2249 672 2297 Dei
694 2261 726 2295 ne
737 2248 848 2308 negando
856 2262 988 2310 exaggeres
997 2262 1003 2295 :
1013 2246 1091 2295 sinon
1101 2250 1230 2311 agnoseit,

145 2318 262 2378 gretiam
274 2319 416 2379 quoniamst
425 2319 498 2377 quise
511 2317 615 2373 excitat,
626 2317 672 2363 tu·
695 2315 749 2362 tace
757 2329 857 2365 securus
864 2316 895 2363 de
903 2316 1055 2366 innocentia.
1064 2318 1120 2364 lion
1128 2318 1230 2379 possunt

145 2386 274 2433 initiabitur
285 2399 293 2431 .·
305 2389 327 2433 et
337 2388 378 2445 qni
388 2399 413 2432 sc
423 2385 546 2443 humiliot,
556 2385 672 2431 exaltabi-
695 2383 776 2430 aliena
794 2385 885 2444 verba,
905 2386 1000 2434 crimen
1020 2384 1143 2446 ailigere,
1164 2382 1229 2449 quod

145 2459 193 2500 ter.
201 2455 250 2499 Nec
261 2452 340 2498 solum
349 2452 469 2511 superbus
480 2450 634 2509 retunditur,
646 2453 672 2501 et
694 2452 792 2512 propria
800 2467 849 2500 non
857 2454 953 2513 recepit
962 2452 1130 2519 conscientia.

144 2520 246 2566 humilis
256 2519 383 2566 adtollitur
392 2518 464 2576 digna
474 2519 671 2566 remuneratione
725 2518 762 2567 lli.
774 2519 889 2582 Sequitur
900 2535 907 2568 τ
919 2524 951 2569 nt
961 2522 1027 2568 dolor
1041 2534 1109 2569 meus
1128 2534 1229 2571 renovo-

145 2589 301 2645 meritorum,
318 2587 381 2634 sicui
401 2586 508 2645 primum
525 2587 563 2633 est
577 2587 671 2635 intelli·
695 2589 731 2634 tus
738 2590 779 2635 est.
786 2589 870 2636 Adhuc
879 2589 904 2635 in
914 2589 1029 2636 interiore
1037 2588 1146 2636 virtutis
1153 2589 1230 2651 gradu

144 2656 268 2714 gendum:
280 2654 322 2702 sed
332 2654 499 2714 quieverbmn
507 2655 552 2701 Dei
561 2667 594 2703 ex
604 2658 670 2704 omni
693 2656 787 2714 positus
799 2657 852 2706 haee
865 2658 941 2705 verba
952 2655 1088 2717 depromit,
1099 2659 1171 2717 quod
1187 2658 1229 2706 do·

144 2723 214 2781 porte
225 2722 325 2768 acutum
336 2722 387 2781 est,
397 2723 468 2768 velut
479 2721 574 2781 gladius
584 2722 627 2782 qui
638 2736 670 2770 ex
693 2724 730 2770 ior
741 2725 788 2773 sihi
799 2725 1073 2785 peccatorumveterum
1085 2725 1229 2784 objectione

145 2789 240 2836 duabus
248 2790 334 2836 acutus
342 2789 558 2849 estpartibus,ego
566 2791 671 2839 arbitror
693 2793 824 2840 renovatus
841 2793 887 2852 sit,
904 2806 960 2853 quea
975 2792 1058 2839 deleta
1078 2792 1134 2851 jana
1154 2792 1230 2841 obdu·

144 2869 215 2916 posse
230 2858 349 2918 intelligi,
359 2858 418 2918 quia
432 2857 510 2918 etqui
524 2871 551 2905 se
563 2861 669 2920 exaltat,
694 2861 759 2908 uisse
778 2861 909 2909 videbatur
923 2861 1029 2919 oblivio,
1042 2861 1087 2908 vel
1104 2861 1230 2910 bonorum

93 2933 98 2939 ·
144 2926 214 2974 novit
221 2939 247 2974 se
258 2927 389 2975 humiliare
397 2941 403 2974 ε
411 2926 437 2974 et
447 2925 490 2987 qui
501 2939 527 2973 se
539 2927 670 2976 humiliare
694 2943 795 2988 operum
805 2930 903 2977 texerat
918 2928 1092 2988 compensatio.
1108 2929 1229 2993 Denique

144 2994 222 3055 novit,
231 2996 306 3043 etiam
315 2996 424 3043 exaltare
435 3008 461 3042 se
470 2996 547 3043 novit.
557 2997 669 3056 Denique
694 2999 719 3044 in
740 2998 917 3059 posterioribus
942 2997 1012 3058 quasi
1030 2995 1120 3043 tortior
1140 2996 1229 3045 dicits

113 3096 115 3105 .
143 3063 351 3124 Paulusostendit,
359 3065 510 3124 dicensfflpo
518 3068 595 3112 cutem
603 3067 672 3114 didici
695 3070 810 3118 Viderunt
818 3081 866 3125 me,
876 3071 898 3114 et
908 3067 1031 3114 ucoeeruat
1041 3067 1122 3125 capita
1131 3079 1194 3124 suc,
1201 3076 1231 3113 eo

144 3133 170 3178 ia
180 3134 261 3192 quidus
274 3147 326 3182 som
337 3135 453 3192 sufficiens
463 3147 518 3181 esse.
530 3135 582 3181 Scio
592 3136 614 3180 et
626 3133 670 3180 lcu-
693 3134 1052 3194 quodminarentur‚etnoeere
1060 3134 1231 3193 nonpossent.

143 3203 244 3259 mitiori,
254 3205 300 3250 scio
308 3205 330 3249 et
340 3203 469 3249 abundare.
480 3203 541 3259 Ergo
554 3202 580 3247 et
590 3200 670 3248 David
693 3202 824 3250 Etaddidit
836 3216 843 3248 ε
854 3203 989 3250 Malediccot
999 3202 1046 3259 illi,
1059 3202 1083 3249 ct
1095 3201 1122 3248 tu
1136 3200 1230 3250 δεηθῶ·-

142 3267 671 3315 nonhumilitersentiendodeChristoexal-
693 3283 737 3317 ces.
758 3273 788 3317 Et
803 3271 868 3329 quod
888 3270 959 3330 quasi
976 3268 1082 3317 validior
1099 3270 1230 3331 loquitur,

142 3335 212 3382 tollat
226 3336 334 3380 aniinam
348 3347 416 3380 suam
428 3366 435 3393 ,
449 3345 523 3393 quam
539 3333 671 3382 humiliant
693 3338 818 3397 negligens
825 3339 936 3399 iniuriae,
947 3339 989 3386 vel
999 3337 1116 3397 pudoris,
1131 3339 1177 3386 cui
1187 3339 1232 3387 bo·

143 3403 170 3449 et
181 3400 301 3459 dejiciunt
310 3399 430 3459 arriani'3
441 3401 467 3447 et
477 3399 607 3447 exaltando
615 3402 669 3448 ani·
693 3407 802 3454 nedictio
811 3408 911 3456 Domini
923 3420 968 3466 pro
983 3406 1099 3455 omnibus
1114 3407 1232 3456 abunda·

143 3481 209 3516 mam
225 3480 307 3526 suam,
322 3479 408 3515 sensus
422 3466 546 3526 vigorem,
563 3468 669 3528 fideiqne
693 3475 740 3521 ret.
749 3477 810 3534 Ergo
818 3475 896 3524 inisto
903 3477 997 3535 psalmo
1004 3467 1133 3534 trigesimo
1141 3476 1230 3525 octavo

142 3537 245 3596 gratiam
252 3568 260 3594 ,
268 3535 366 3582 virtutis
374 3535 520 3584 humilitatis
529 3535 571 3596 pio
581 3549 671 3598 repre-
693 3543 762 3603 quasi
777 3543 804 3590 in
811 3545 915 3604 quadam
926 3542 1102 3603 meditatione,
1113 3544 1230 3592 nondun

143 3604 254 3652 sentabat
264 3603 364 3653 aflectu·
692 3612 775 3658 tamen
784 3612 884 3659 inomni
898 3612 991 3659 locatus
1003 3610 1164 3671 perfectione
1176 3612 1230 3663 vir·

174 3672 213 3721 ts.
231 3673 289 3721 ideo
305 3685 362 3732 ergo
376 3671 492 3721 dicebat:
508 3673 620 3725 obmutui
624 3707 632 3734 ,
648 3679 670 3724 et
692 3679 765 3739 tutis,
779 3681 841 3728 dicit
858 3680 905 3728 sibi
925 3680 1034 3727 dolorem
1048 3691 1103 3729 esse
1118 3693 1229 3729 renero·

693 3747 754 3793 ium.
763 3746 1005 3793 Validissimnsenim
1013 3745 1139 3794 cicatricis
1147 3747 1229 3795 omn-
1269 3756 1271 3765 ·

166 3828 310 3868 *vernorum
322 3829 411 3879 quidem
422 3841 492 3869 ersus
504 3831 541 3869 lue
553 3833 618 3880 paulo
629 3833 669 3870 op.
692 3814 786 3861 sionem
797 3813 889 3861 sentire
903 3826 952 3860 non
968 3813 1051 3872 novit,
1060 3825 1111 3862 nec
1124 3814 1234 3885 plagam,

142 3883 227 3929 ¹acutior
238 3886 280 3929 est,
289 3883 395 3921 serumst
404 3893 447 3921 non
455 3884 573 3922 minimum
586 3885 669 3924 accedet
692 3883 772 3942 potest
785 3881 888 3941 timere,
901 3882 944 3942 qui
961 3881 1045 3928 fortior
1060 3883 1108 3929 est·
1122 3883 1155 3931 111
1173 3883 1228 3945 itm

142 3937 343 3984 neminemnam
351 3937 377 3975 aa
389 3939 485 3986 superius
493 3939 549 3975 iuno
559 3939 668 3988 respicias:
692 3932 1237 4011 pugilumcefeamineso'lotplerumqueqnl'

142 3991 670 4092 fflss'ss'uffflfflffimpssssofff'cffi{fflfi}
692 4018 777 4066 tortior
785 4019 821 4065 est
830 4018 986 4079 exspectare,
996 4018 1024 4075 ut
1032 4015 1161 4066 inferioris
1171 4018 1225 4067 ietn

141 4097 635 4149 mimmsummiomaujmprmorum.
692 4086 775 4148 sliqm
792 4086 936 4146 lacessatur,
951 4098 999 4148 quo
1017 4083 1098 4135 acrior
1115 4084 1228 4137 offensio
