2760 4794
132 371 179 422 {62
528 375 648 421 snncnl
662 375 824 420 AMBROSH

131 457 246 517 noluisti3
262 456 290 506 ut
302 456 465 505 extendamus
479 468 523 505 nos
537 459 569 505 ad
584 471 660 517 supe·
686 459 721 506 cit
736 472 742 504 c
759 461 846 507 Nostro
863 458 941 504 neten
956 456 1107 503 meseratio
1124 456 1152 502 in
1168 449 1229 502 coetd

132 525 212 584 riora,
223 528 251 575 ut
258 539 357 586 semper
367 527 425 573 ente
435 538 480 573 nos
490 526 660 584 adtendamus,
686 530 728 576 est.

132 596 309 655 persequentes
316 595 570 655 inimicosuestros,et
577 608 661 644 eorum
716 596 755 642 55.
767 593 901 654 Sequitur:
914 597 944 642 rt
953 594 995 654 put
1004 594 1111 642 odoeent
1120 605 1168 640 noe
1173 623 1183 650 ,
1193 593 1229 639 tlt-

132 663 215 710 locum
225 663 330 710 bannire
341 662 479 721 cupientes.
686 666 801 725 ripiebcnt
810 666 863 714 sibi.
877 667 966 713 Dedisti
979 677 1023 712 nec
1033 665 1169 723 unguent
1179 674 1229 710 occe

163 728 202 776 st.
221 731 336 790 Denique
356 732 392 778 sic
403 730 555 778 Theodotion
574 731 661 788 babet,
687 747 806 792 cecorum
823 737 846 781 ct
861 736 887 780 in
901 735 1007 780 nolim
1020 732 1162 791 dispersim
1175 743 1227 779 noe

132 798 252 858 quomodo
272 799 431 859 Septuaginta
451 800 515 858 viri,
537 801 584 846 boc
609 802 661 858 est,
686 801 888 848 ilirariatersitnn
903 801 968 861 qued
984 811 1043 847 cnm
1055 799 1086 845 ln
1100 799 1227 858 posterio-

132 868 254 926 tpnomodo
275 868 322 916 iste
345 881 432 916 versus
461 869 587 928 expositus
613 869 660 915 est.
687 870 768 927 ribus,
786 870 815 917 nt
829 870 951 926 diximus,
969 878 1099 914 summam
1115 864 1227 913 babeant

132 935 660 995 Aquitnbabet:Avertistinosretroodaffli
687 936 744 982 lidei
763 937 922 984 constantiam
939 936 982 996 qul
1003 934 1163 993 loquuntnr3
1183 933 1223 980 tric

133 1006 206 1062 gente.
219 1003 377 1063 Symmachus
389 1018 395 1049 c
405 1006 525 1053 Oedipodi
536 1017 577 1050 noe
588 1006 663 1051 noeis·
688 1005 770 1052 dicent
780 1005 845 1063 quod
856 1006 887 1052 ab
901 1005 932 1052 iis
942 1005 985 1064 qni
996 1003 1176 1062 merentem,
1187 1002 1226 1048 di·

133 1072 662 1121 simosadomniodoersorio.(lontrarianobis
688 1069 1225 1130 ripiebanturssednonteistaperterrcent.

134 1144 264 1200 quaesunt,
273 1143 320 1188 nisi
326 1143 480 1200 voluptuaria
491 1142 559 1188 istius
570 1141 661 1198 saecnli,
687 1142 757 1187 stulti
773 1142 840 1188 enim
855 1141 896 1188 bic
911 1140 1082 1198 diripiuntur3
1099 1139 1224 1186 ettamen

134 1207 161 1254 et
171 1210 244 1268 plena
259 1211 404 1257 deliciarum
415 1213 489 1269 atque
505 1209 626 1266 lasciviae,
637 1210 662 1255 et
687 1208 775 1255 merita
785 1221 870 1255 eorum
880 1221 894 1255 a
904 1208 998 1254 Christe
1008 1218 1060 1252 nou
1071 1208 1173 1266 queunt
1185 1219 1225 1253 se·

134 1287 189 1335 quae
199 1280 256 1326 sunt
271 1279 395 1325 incentive
407 1277 529 1324 luxuriae?
540 1278 606 1323 Uxor
618 1278 663 1324 Lot
687 1276 947 1335 pareri.llnpiebantur
957 1273 1083 1334 apostoli,
1093 1273 1225 1321 credeban·

134 1343 237 1404 decepta
246 1346 426 1405 est3qniapost
436 1359 462 1393 se
473 1345 579 1392 habebnt
589 1346 662 1390 luxu·
687 1344 727 1389 tur
742 1344 834 1403 virgis,
853 1345 880 1390 in
895 1355 1020 1391 carcerem
1036 1343 1223 1402 trudebantur,

134 1413 197 1460 riam
212 1415 438 1472 Sodomitnuorum,
455 1413 598 1471 et·regiouis
608 1413 662 1469 eius
687 1412 925 1471 separabanturnse‚
935 1412 1052 1459 ettamen
1061 1410 1225 1458 cumeristo

135 1479 273 1527 illecebras.
284 1481 353 1527 Unde
364 1480 467 1538 decepta
478 1480 529 1527 esti
537 1480 598 1537 Quia
608 1480 662 1538 post
687 1479 818 1526 manebant
829 1492 835 1525 ε
848 1481 922 1526 immo
932 1480 979 1526 boc
989 1478 1044 1537 ipse
1055 1477 1127 1538 qnod
1138 1477 1221 1538 rapie-

135 1559 162 1595 se
172 1549 292 1607 respexit.
303 1549 333 1595 Et
344 1549 372 1594 tu
386 1560 443 1606 ergo
458 1560 490 1594 ne
505 1548 536 1594 nd
551 1547 662 1593 inimicos
687 1546 775 1594 bantur
788 1559 803 1593 a
817 1547 929 1606 perfidis,
946 1558 1033 1594 eorum
1048 1546 1144 1594 merita
1155 1558 1220 1594 cres

135 1617 193 1663 tuos
208 1617 338 1676 respicias,
349 1617 431 1675 posuit
446 1617 471 1662 tc
483 1617 550 1663 Dens
560 1616 663 1662 novissi-
687 1616 788 1673 cebant,
800 1617 826 1662 et
836 1616 913 1674 gratie
923 1616 949 1662 in
959 1614 1107 1662 coelestibus
1116 1614 1222 1674 augeba-

135 1698 205 1732 mum
216 1685 241 1731 in
249 1686 347 1733 saeculo.
356 1685 417 1731 Vel:
428 1685 475 1742 Qui
486 1685 626 1731 humilitate
636 1696 661 1730 se
687 1684 735 1730 tur.
746 1686 798 1731 Non
806 1686 873 1731 enim
883 1685 966 1732 stetim
973 1682 1017 1743 qui
1027 1683 1060 1730 ab
1072 1683 1219 1730 bominibus

136 1753 254 1800 ultimum
272 1751 344 1810 iacit,
355 1764 404 1798 non
416 1752 567 1798 convertitur
583 1752 661 1809 retro;
686 1752 815 1812 diripitur,
826 1754 901 1800 etiam
910 1753 1025 1800 vincitur.
1041 1752 1111 1800 vide
1122 1753 1219 1811 aposto-

40 1838 43 1843 ·
136 1822 180 1870 sed
188 1823 346 1882 temperante
354 1821 463 1880 respicit.
471 1820 569 1867 Utscias
579 1823 660 1867 autem
688 1821 738 1867 lum
759 1823 861 1868 Paulum
878 1821 1026 1880 gratulatum
1047 1820 1079 1867 in
1101 1817 1219 1882 periculis

122 1891 180 1951 -qni
193 1891 243 1938 sint
264 1892 359 1939 inimici
375 1891 430 1950 tui,
443 1890 501 1937 andi
516 1890 639 1936 dicentem
655 1903 661 1935 :
687 1889 737 1934 suis
748 1902 755 1935 s
768 1889 824 1936 vide
836 1890 994 1948 gloriantem,
1005 1889 1073 1948 quod
1082 1902 1131 1949 per
1140 1889 1218 1936 fenes-

136 1960 213 2017 Μ’,
226 1961 338 2009 tornet...
351 1961 411 2022 Quid
421 1960 523 2018 estquod
532 1959 558 2005 in
567 1961 630 2005 terra
640 1972 663 2006 es
686 1955 748 2002 tram
757 1957 782 2003 in
792 1957 874 2017 sporta
881 1957 1000 2004 demissus
1007 1956 1049 2003 sit.
1061 1957 1219 2017 Videguem·

135 2029 323 2075 inlusionem...
334 2029 434 2088 potlntns
448 2040 472 2074 ec
483 2039 536 2072 cnm
550 2025 663 2073 runcinis?
687 2025 817 2071 admodum
831 2026 929 2073 sauctus
944 2023 1103 2083 Hieremias,
1121 2025 1217 2072 raudus

136 2095 197 2153 Quis
206 2096 289 2142 temen
297 2095 347 2143 mm
356 2095 471 2142 inimicus
481 2093 588 2141 ethostis
596 2095 662 2152 tuus,
686 2093 811 2151 Ezechiel,
828 2094 925 2140 sanctus
938 2092 1028 2139 Daniel
1041 2092 1070 2139 in
1083 2093 1216 2152 captivita-

136 2176 210 2224 qnam
229 2165 344 2226 princeps
361 2164 433 2211 istius
450 2162 550 2221 mundi,
567 2164 593 2210 et
610 2163 663 2221 ejus
687 2163 736 2209 tem
755 2161 870 2221 deducit,
889 2161 913 2208 et
931 2161 961 2207 ab
980 2160 1088 2220 Assyriis
1107 2160 1213 2220 direpti,

136 2232 211 2292 socii,
230 2233 272 2293 qni
293 2231 435 2292 persequuti
456 2232 513 2278 sunt
533 2243 611 2291 usque
632 2232 663 2278 ad
686 2229 1216 2290 nnllamtamencnptivitatempropriaetidei

137 2315 236 2350 crucem
250 2302 382 2348 Dominum
397 2301 493 2360 Jesnm,
504 2299 559 2358 ejus
574 2302 663 2360 poten-
686 2300 856 2358 pertulerunt:
867 2312 914 2347 uec
927 2299 954 2345 in
968 2300 1156 2346 Testamentum
1167 2299 1214 2346 Do-

135 2372 196 2420 tiam
213 2370 397 2419 nescientestffi
408 2370 475 2417 enim
485 2370 662 2428 cognovissent,
686 2368 747 2414 mini
755 2369 895 2428 deliquere,
904 2367 1153 2428 quiservavernutln
1161 2379 1215 2427 cap-

135 2451 270 2498 nnmquam
284 2438 416 2484 Dominum
430 2436 563 2493 mejestatis
583 2437 663 2483 cruci·
686 2437 783 2483 tivitate
798 2438 874 2484 etiam
889 2436 951 2496 legis
965 2435 1094 2495 precepta
1111 2435 1216 2494 divium,

134 2505 326 2564 fixissentbrgo
343 2506 372 2550 tn
392 2503 439 2551 etsi
457 2503 604 2550 novissimus
621 2516 661 2562 es,
685 2517 731 2551 nee
754 2505 784 2552 de
809 2505 948 2552 interdictis
974 2503 1039 2550 cibis
1063 2504 1213 2561 putaverunt

135 2573 188 2621 noli
202 2573 314 2619 inimicos
332 2571 480 2630 tuossequi3
498 2571 541 2617 sed
559 2584 662 2631 sequere
685 2575 768 2620 contra
786 2573 967 2622 institutionem
980 2571 1104 2630 majorum
1121 2572 1213 2633 aliquid

137 2642 269 2688 Dominum
278 2641 377 2698 iesum,
392 2642 417 2687 et
432 2652 530 2687 crucem
542 2639 594 2697 eius
605 2654 662 2688 cum
685 2643 861 2700 usurpandum.

135 2710 238 2766 laetitia,
258 2709 284 2754 et
304 2708 389 2756 insiste
405 2708 516 2768 vestigiis
535 2709 597 2766 eius.
615 2711 662 2768 Qui
714 2710 753 2757 56.
766 2712 833 2759 Unde
844 2713 909 2760 bene
919 2711 1071 2759 Theodotion
1083 2711 1151 2759 dixit
1161 2725 1168 2757 c
1180 2712 1211 2758 iit
1260 2754 1264 2762 .

136 2778 205 2826 enim
220 2777 342 2825 Christum
358 2776 483 2837 sequitur,
500 2779 554 2838 post
568 2791 594 2825 se
613 2791 662 2828 nou
685 2781 725 2837 qni
734 2782 830 2826 oderant
840 2793 897 2837 nos,
908 2781 1058 2828 exsultabant
1072 2795 1146 2839 super
1155 2793 1210 2838 nos,-

135 2848 249 2908 respicit;
262 2846 287 2893 id
297 2849 346 2906 est,
358 2848 388 2893 ad
400 2848 511 2895 luxurias
521 2849 594 2908 atque
606 2849 662 2897 ilie·
686 2848 810 2894 insultatio
821 2847 888 2894 enirn
904 2848 1059 2894 inimicorum
1069 2860 1121 2893 non
1136 2846 1212 2894 adfert

136 2919 221 2965 cebras
232 2918 399 2977 peccatorum3
412 2919 438 2965 et
454 2917 509 2965 ideo
528 2919 607 2977 potest
625 2920 663 2967 (li.
685 2916 854 2974 praejudicium
870 2917 940 2963 bonis
951 2916 1092 2975 mentibus,
1109 2916 1153 2963 sed
1167 2927 1212 2961 nec

135 2999 192 3035 cere
204 2999 260 3035 enrn
270 2987 359 3034 sanctis
370 2999 377 3032 ε
388 2989 442 3035 lton
451 2991 541 3037 recessit
551 2992 614 3037 retro
622 3003 663 3038 cor
685 2984 791 3043 direptio
805 2983 971 3032 inimicorum.
988 2985 1095 3043 ldeoqne
1116 2985 1209 3032 sanctus

135 3060 250 3105 nostrum.
265 3055 334 3104 Unde
355 3056 501 3116 intelligitur
515 3057 581 3117 quod
596 3059 621 3105 et
640 3059 662 3106 is
685 3054 757 3112 dicit,
768 3053 811 3112 qui
825 3055 906 3101 certus
916 3055 953 3101 est
966 3053 1032 3114 quod
1040 3053 1152 3112 direptio
1164 3050 1210 3102 sibi

134 3125 178 3186 qui
197 3125 254 3173 ante
270 3124 382 3172 inimicos
403 3138 459 3173 suos
475 3126 528 3183 est,
544 3125 616 3173 corde
634 3128 662 3174 tit
684 3124 768 3169 obesse
780 3134 829 3168 non
838 3123 933 3180 possit:
947 3125 1002 3183 Quis
1012 3136 1054 3169 noe
1065 3123 1210 3181 separabitt

134 3194 281 3242 novissimus
291 3195 364 3252 atque
375 3195 510 3252 postremus
520 3196 555 3252 ;si
567 3195 597 3240 nd
606 3195 662 3243 illos
684 3194 781 3239 caritote
790 3190 891 3239 Cdrtsti?
901 3192 1039 3247 Trtbntotto,
1046 3203 1078 3237 on
1085 3182 1211 3250 angustini

135 3262 266 3320 respiciat,
285 3261 311 3308 et
329 3261 466 3307 carnalibus
482 3262 577 3319 potins,
587 3274 660 3319 qnam
684 3263 710 3305 et
725 3261 812 3307 caetera
829 3272 836 3305 z
851 3262 895 3307 Sed
905 3262 931 3306 tn
942 3261 978 3307 teis
994 3259 1101 3306 munibus
1116 3273 1210 3319 snper-n⁴

134 3329 288 3387 spiritalibus
313 3327 401 3373 aiiectn
426 3327 516 3373 ruentis
541 3328 660 3375 intendat.
683 3342 735 3376 mes
745 3332 766 3375 et
776 3330 1068 3388 snperotneimnsperenm
1079 3330 1123 3387 gni
1131 3327 1210 3375 ditexit

133 3397 217 3443 Potest
225 3395 300 3441 etiam
310 3394 353 3453 qni
364 3395 510 3441 novissimus
527 3396 579 3453 est,
588 3397 660 3442 corde
684 3409 725 3443 nos
739 3411 747 3442 .·
762 3399 858 3444 scientes
875 3398 935 3455 qnod
949 3409 1023 3455 neque
1037 3408 1118 3452 mws,
1140 3407 1210 3456 nepus

134 3462 202 3523 prior
218 3473 284 3519 esse3
302 3460 323 3508 si
344 3473 373 3506 en
390 3474 445 3519 quae
465 3461 491 3507 in
509 3462 570 3507 coelo
588 3464 660 3521 sunt,
684 3467 746 3522 nita,
762 3479 835 3524 neque
849 3465 966 3525 Angelos,
980 3467 1212 3524 neqnegPotestotes,

135 3529 288 3588 consideret,
299 3530 325 3575 et
335 3541 385 3575 non
398 3541 452 3588 quie
463 3529 490 3573 in
504 3529 584 3577 terris.
598 3532 660 3578 Audi
684 3548 756 3594 neone
767 3535 892 3594 presentia
899 3565 908 3590 ,
923 3547 995 3593 nepne
1010 3534 1134 3592 slebre...
1146 3547 1213 3593 sepn-

134 3598 192 3658 quia
209 3597 357 3644 norissimus
371 3597 397 3643 in
413 3599 516 3654 soeculo,
531 3597 595 3645 inter
609 3600 661 3658 pri·
684 3616 738 3648 rnre
748 3615 790 3648 nos
804 3603 891 3661 possint
902 3616 918 3647 o
935 3602 1031 3648 caritate
1041 3601 1098 3655 Det,
1116 3614 1169 3660 pnoe
1181 3602 1214 3648 est

135 3678 188 3712 mos
199 3664 231 3711 sit
241 3665 307 3723 apud
316 3664 447 3712 Christum.
463 3668 524 3713 Pnto
535 3669 590 3726 qnia
599 3671 661 3717 Dens
684 3672 709 3716 in
720 3671 810 3718 Ctertsto
820 3672 875 3716 Jesn
882 3670 983 3718 Domino
994 3671 1081 3723 nostro.
1094 3669 1160 3728 Ergo
1169 3669 1213 3729 qni

133 3748 177 3783 nos
191 3734 303 3794 apostotos
321 3735 456 3782 notissimos
477 3737 586 3793 ostendit,
602 3738 661 3795 sient
685 3739 741 3784 talis
753 3739 804 3796 est,
815 3750 864 3784 non
873 3737 1134 3798 separaturaCbristo.
1145 3738 1215 3784 Unde

134 3803 204 3850 morti
220 3803 357 3860 destinatos,
377 3803 403 3847 nt
422 3804 575 3860 spectaculum
590 3806 661 3853 simne
685 3806 779 3858 etiamsi
789 3806 948 3865 corporaliter
956 3805 1214 3864 diripintnr,spiritn-

134 3873 188 3920 tno'c
205 3873 292 3918 inundo
305 3903 314 3928 ,
335 3873 357 3918 et
373 3870 466 3930 Angetis
480 3875 503 3918 ct
519 3872 658 3920 bominibus.
685 3875 742 3920 liter
753 3876 834 3921 tumen
843 3874 907 3921 liber
918 3875 955 3922 est
967 3887 974 3920 c
988 3875 1014 3921 et
1024 3885 1073 3919 non
1084 3875 1166 3920 solum
1177 3874 1215 3922 di-

134 3939 297 3987 ltovissimnni
313 3952 339 3986 se
358 3938 434 3996 dixit,
451 3941 476 3986 et
492 3939 557 3987 idem
578 3941 660 3988 tannen
684 3942 791 4001 reptioni
809 3943 929 3998 olmoxius
945 3942 1058 4000 nonest,
1076 3941 1120 3989 sed
1137 3943 1215 3990 etiam

134 4009 200 4070 guod
217 4009 312 4070 primns
329 4010 393 4056 esset
407 4009 531 4067 ostendit,
546 4021 600 4056 curu
621 4009 661 4056 di·
684 4010 794 4070 rapinam
808 4010 857 4057 sibi
871 4010 1020 4059 laudabilem
1030 4009 1136 4071 quaerit3
1148 4011 1217 4060 sicut
