<?xml version="1.0" encoding="UTF-8"?>
<!DOCTYPE html PUBLIC "-//W3C//DTD XHTML 1.0 Transitional//EN"
    "http://www.w3.org/TR/xhtml1/DTD/xhtml1-transitional.dtd">
<html xmlns="http://www.w3.org/1999/xhtml" xml:lang="en" lang="en">
 <head>
  <title>
</title>
<meta http-equiv="Content-Type" content="text/html;charset=utf-8" />
  <meta name='ocr-system' content='tesseract 3.04.00' />
  <meta name='ocr-capabilities' content='ocr_page ocr_carea ocr_par ocr_line ocrx_word'/>
</head>
<body>
  <div class='ocr_page' id='page_1' title='image "./operaomnia00ambrgoog_0241.png"; bbox 0 0 2760 4794; ppageno 0'>
   <div class='ocr_carea' id='block_1_1' title="bbox 233 388 922 440">
    <p class='ocr_par' dir='ltr' id='par_1_1' title="bbox 233 388 922 440">
     <span class='ocr_line' id='line_1_1' title="bbox 233 388 922 440; baseline -0.003 -1"><span class='ocrx_word' id='word_1_1' title='bbox 233 390 281 440; x_wconf 60' lang='lat'><em>240</em></span> <span class='ocrx_word' id='word_1_2' title='bbox 625 392 747 438; x_wconf 65' lang='lat' dir='ltr'><em>sancet</em></span> <span class='ocrx_word' id='word_1_3' title='bbox 762 388 922 439; x_wconf 77' lang='lat' dir='ltr'><em>inanestl</em></span> 
     </span>
    </p>
   </div>
   <div class='ocr_carea' id='block_1_2' title="bbox 179 472 1340 3959">
    <p class='ocr_par' dir='ltr' id='par_1_2' title="bbox 179 472 1340 3617">
     <span class='ocr_line' id='line_1_2' title="bbox 262 472 1316 535; baseline 0.004 -15"><span class='ocrx_word' id='word_1_4' title='bbox 262 474 302 523; x_wconf 77' lang='lat' dir='ltr'><em>lt.</em></span> <span class='ocrx_word' id='word_1_5' title='bbox 314 474 375 523; x_wconf 89' lang='lat' dir='ltr'><em>Sunt</em></span> <span class='ocrx_word' id='word_1_6' title='bbox 385 473 411 521; x_wconf 86' lang='lat' dir='ltr'><em>et</em></span> <span class='ocrx_word' id='word_1_7' title='bbox 419 474 463 521; x_wconf 89' lang='lat' dir='ltr'><em>alii</em></span> <span class='ocrx_word' id='word_1_8' title='bbox 471 472 609 535; x_wconf 87' lang='lat' dir='ltr'><em>principes,</em></span> <span class='ocrx_word' id='word_1_9' title='bbox 620 475 663 535; x_wconf 83' lang='lat' dir='ltr'><em>qui</em></span> <span class='ocrx_word' id='word_1_10' title='bbox 673 474 760 521; x_wconf 85' lang='lat' dir='ltr'><em>adver·</em></span> <span class='ocrx_word' id='word_1_11' title='bbox 784 476 837 521; x_wconf 83' lang='lat' dir='ltr'><em>tuae</em></span> <span class='ocrx_word' id='word_1_12' title='bbox 848 474 999 522; x_wconf 69' lang='lat' dir='ltr'><em>exercebatur</em></span> <span class='ocrx_word' id='word_1_13' title='bbox 1009 475 1035 520; x_wconf 83' lang='lat' dir='ltr'><em>in</em></span> <span class='ocrx_word' id='word_1_14' title='bbox 1039 472 1259 535; x_wconf 68' lang='lat' dir='ltr'><em>jammonae·</em></span> <span class='ocrx_word' id='word_1_15' title='bbox 1269 474 1316 524; x_wconf 80' lang='grc'><strong>1111.</strong></span> 
     </span>
     <span class='ocr_line' id='line_1_3' title="bbox 232 541 1318 602; baseline 0.003 -13"><span class='ocrx_word' id='word_1_16' title='bbox 232 555 273 591; x_wconf 85' lang='lat' dir='ltr'><em>aas</em></span> <span class='ocrx_word' id='word_1_17' title='bbox 282 554 326 590; x_wconf 90' lang='lat' dir='ltr'><em>uas</em></span> <span class='ocrx_word' id='word_1_18' title='bbox 337 541 489 600; x_wconf 84' lang='lat' dir='ltr'><em>detrectant,</em></span> <span class='ocrx_word' id='word_1_19' title='bbox 500 541 530 589; x_wconf 89' lang='lat' dir='ltr'><em>de</em></span> <span class='ocrx_word' id='word_1_20' title='bbox 542 542 633 602; x_wconf 87' lang='lat' dir='ltr'><em>quibus</em></span> <span class='ocrx_word' id='word_1_21' title='bbox 648 542 758 590; x_wconf 88' lang='lat' dir='ltr'><em>dicitur:</em></span> <span class='ocrx_word' id='word_1_22' title='bbox 783 541 941 589; x_wconf 81' lang='lat' dir='ltr'><em>Advertiraus</em></span> <span class='ocrx_word' id='word_1_23' title='bbox 955 553 1021 589; x_wconf 86' lang='lat' dir='ltr'><em>arma</em></span> <span class='ocrx_word' id='word_1_24' title='bbox 1036 541 1113 600; x_wconf 81' lang='lat' dir='ltr'><em>justi,</em></span> <span class='ocrx_word' id='word_1_25' title='bbox 1124 541 1229 602; x_wconf 86' lang='lat' dir='ltr'><em>quibus</em></span> <span class='ocrx_word' id='word_1_26' title='bbox 1242 556 1318 592; x_wconf 75' lang='lat' dir='ltr'><em>amna</em></span> 
     </span>
     <span class='ocr_line' id='line_1_4' title="bbox 233 608 1318 671; baseline 0.002 -16"><span class='ocrx_word' id='word_1_27' title='bbox 233 613 348 669; x_wconf 79' lang='lat' dir='ltr'><strong><em>Quoniam</em></strong></span> <span class='ocrx_word' id='word_1_28' title='bbox 357 622 405 656; x_wconf 85' lang='lat' dir='ltr'><em>non</em></span> <span class='ocrx_word' id='word_1_29' title='bbox 416 612 449 656; x_wconf 86' lang='lat' dir='ltr'><em>ert</em></span> <span class='ocrx_word' id='word_1_30' title='bbox 459 610 526 657; x_wconf 85' lang='lat' dir='ltr'><em>nobie</em></span> <span class='ocrx_word' id='word_1_31' title='bbox 538 611 667 657; x_wconf 82' lang='lat' dir='ltr'><em>colluctatio</em></span> <span class='ocrx_word' id='word_1_32' title='bbox 678 611 760 657; x_wconf 78' lang='lat' dir='ltr'><em>adeer-</em></span> <span class='ocrx_word' id='word_1_33' title='bbox 784 609 980 657; x_wconf 84' lang='lat' dir='ltr'><em>adversariorum</em></span> <span class='ocrx_word' id='word_1_34' title='bbox 997 609 1104 669; x_wconf 84' lang='lat' dir='ltr'><em>repellat</em></span> <span class='ocrx_word' id='word_1_35' title='bbox 1121 610 1250 671; x_wconf 85' lang='lat' dir='ltr'><em>impetus.</em></span> <span class='ocrx_word' id='word_1_36' title='bbox 1261 608 1318 657; x_wconf 78' lang='lat' dir='ltr'><em>aaut</em></span> 
     </span>
     <span class='ocr_line' id='line_1_5' title="bbox 232 680 1318 739; baseline 0.002 -13"><span class='ocrx_word' id='word_1_37' title='bbox 232 693 272 726; x_wconf 83' lang='lat' dir='ltr'><em>rae</em></span> <span class='ocrx_word' id='word_1_38' title='bbox 282 692 377 727; x_wconf 87' lang='lat' dir='ltr'><em>caraem</em></span> <span class='ocrx_word' id='word_1_39' title='bbox 396 681 419 726; x_wconf 88' lang='lat' dir='ltr'><em>et</em></span> <span class='ocrx_word' id='word_1_40' title='bbox 436 681 585 738; x_wconf 70' lang='lat' dir='ltr'><strong><em>sanquinem,</em></strong></span> <span class='ocrx_word' id='word_1_41' title='bbox 596 680 635 726; x_wconf 82' lang='lat' dir='ltr'><em>red</em></span> <span class='ocrx_word' id='word_1_42' title='bbox 653 680 760 726; x_wconf 68' lang='lat' dir='ltr'><em>atratus</em></span> <span class='ocrx_word' id='word_1_43' title='bbox 784 680 836 726; x_wconf 87' lang='lat' dir='ltr'><em>alt:</em></span> <span class='ocrx_word' id='word_1_44' title='bbox 849 681 1019 728; x_wconf 82' lang='lat' dir='ltr'><em>Circumicrant</em></span> <span class='ocrx_word' id='word_1_45' title='bbox 1031 691 1080 735; x_wconf 77' lang='lat' dir='ltr'><em>me,</em></span> <span class='ocrx_word' id='word_1_46' title='bbox 1091 681 1114 727; x_wconf 87' lang='lat' dir='ltr'><em>et</em></span> <span class='ocrx_word' id='word_1_47' title='bbox 1123 680 1318 739; x_wconf 66' lang='lat' dir='ltr'><em>semesam</em></span> 
     </span>
     <span class='ocr_line' id='line_1_6' title="bbox 232 746 1319 808; baseline 0.006 -17"><span class='ocrx_word' id='word_1_48' title='bbox 232 748 406 807; x_wconf 75' lang='lat' dir='ltr'><em>principatuset</em></span> <span class='ocrx_word' id='word_1_49' title='bbox 415 749 537 808; x_wconf 70' lang='lat' dir='ltr'><em>potestates</em></span> <span class='ocrx_word' id='word_1_50' title='bbox 543 780 551 804; x_wconf 94' lang='lat'><em>,</em></span> <span class='ocrx_word' id='word_1_51' title='bbox 560 748 667 794; x_wconf 70' lang='lat' dir='ltr'><em>adem</em></span> <span class='ocrx_word' id='word_1_52' title='bbox 678 746 760 794; x_wconf 82' lang='lat' dir='ltr'><em>mundi</em></span> <span class='ocrx_word' id='word_1_53' title='bbox 784 761 819 794; x_wconf 85' lang='lat' dir='ltr'><em>me</em></span> <span class='ocrx_word' id='word_1_54' title='bbox 837 749 911 807; x_wconf 85' lang='lat' dir='ltr'><em>qratia</em></span> <span class='ocrx_word' id='word_1_55' title='bbox 923 761 931 794; x_wconf 77' lang='grc' dir='ltr'><strong><em>ε</em></strong></span> <span class='ocrx_word' id='word_1_56' title='bbox 942 760 985 807; x_wconf 88' lang='lat' dir='ltr'><em>pra</em></span> <span class='ocrx_word' id='word_1_57' title='bbox 996 760 1023 795; x_wconf 89' lang='lat' dir='ltr'><em>ea</em></span> <span class='ocrx_word' id='word_1_58' title='bbox 1033 749 1062 795; x_wconf 80' lang='lat' dir='ltr'><em>al</em></span> <span class='ocrx_word' id='word_1_59' title='bbox 1071 759 1111 794; x_wconf 82' lang='lat' dir='ltr'><em>nte</em></span> <span class='ocrx_word' id='word_1_60' title='bbox 1125 748 1270 808; x_wconf 66' lang='lat' dir='ltr'><em>detinerent,</em></span> <span class='ocrx_word' id='word_1_61' title='bbox 1285 750 1319 797; x_wconf 80' lang='lat' dir='ltr'><em>tie·</em></span> 
     </span>
     <span class='ocr_line' id='line_1_7' title="bbox 232 814 1319 877; baseline 0.003 -15"><span class='ocrx_word' id='word_1_62' title='bbox 232 814 301 874; x_wconf 75' lang='lat' dir='ltr'><em>bique</em></span> <span class='ocrx_word' id='word_1_63' title='bbox 310 818 426 872; x_wconf 73' lang='lat' dir='ltr'><em>matera,</em></span> <span class='ocrx_word' id='word_1_64' title='bbox 445 816 594 863; x_wconf 82' lang='lat' dir='ltr'><em>tenebrarum</em></span> <span class='ocrx_word' id='word_1_65' title='bbox 604 815 704 871; x_wconf 76' lang='lat' dir='ltr'><em>nomm,</em></span> <span class='ocrx_word' id='word_1_66' title='bbox 715 816 758 861; x_wconf 88' lang='lat' dir='ltr'><em>ad·</em></span> <span class='ocrx_word' id='word_1_67' title='bbox 784 816 908 863; x_wconf 75' lang='lat' dir='ltr'><em>trahebant</em></span> <span class='ocrx_word' id='word_1_68' title='bbox 918 815 976 863; x_wconf 81' lang='lat' dir='ltr'><em>mitt</em></span> <span class='ocrx_word' id='word_1_69' title='bbox 984 830 994 874; x_wconf 87' lang='lat'><em>,·</em></span> <span class='ocrx_word' id='word_1_70' title='bbox 1004 828 1044 876; x_wconf 84' lang='lat' dir='ltr'><em>eqo</em></span> <span class='ocrx_word' id='word_1_71' title='bbox 1055 818 1140 863; x_wconf 68' lang='lat' dir='ltr'><em>auum</em></span> <span class='ocrx_word' id='word_1_72' title='bbox 1150 816 1259 865; x_wconf 71' lang='lat' dir='ltr'><em>madano</em></span> <span class='ocrx_word' id='word_1_73' title='bbox 1265 831 1275 877; x_wconf 78' lang='lat'><em>‚-</em></span> <span class='ocrx_word' id='word_1_74' title='bbox 1283 816 1319 864; x_wconf 79' lang='lat' dir='ltr'><em>lile</em></span> 
     </span>
     <span class='ocr_line' id='line_1_8' title="bbox 233 884 1318 945; baseline -0.001 -12"><span class='ocrx_word' id='word_1_75' title='bbox 233 896 310 933; x_wconf 80' lang='lat' dir='ltr'><em>sertus</em></span> <span class='ocrx_word' id='word_1_76' title='bbox 328 885 443 945; x_wconf 84' lang='lat' dir='ltr'><em>spiritalia</em></span> <span class='ocrx_word' id='word_1_77' title='bbox 460 886 585 943; x_wconf 81' lang='lat' dir='ltr'><em>nequitie,</em></span> <span class='ocrx_word' id='word_1_78' title='bbox 601 895 652 943; x_wconf 79' lang='lat' dir='ltr'><em>qaae</em></span> <span class='ocrx_word' id='word_1_79' title='bbox 663 887 717 930; x_wconf 81' lang='lat' dir='ltr'><em>runt</em></span> <span class='ocrx_word' id='word_1_80' title='bbox 733 885 760 931; x_wconf 86' lang='lat' dir='ltr'><em>in</em></span> <span class='ocrx_word' id='word_1_81' title='bbox 783 884 819 931; x_wconf 89' lang='lat' dir='ltr'><em>alt</em></span> <span class='ocrx_word' id='word_1_82' title='bbox 829 885 895 943; x_wconf 92' lang='lat' dir='ltr'><em>quod</em></span> <span class='ocrx_word' id='word_1_83' title='bbox 905 884 1014 932; x_wconf 83' lang='lat' dir='ltr'><em>studium</em></span> <span class='ocrx_word' id='word_1_84' title='bbox 1024 884 1048 931; x_wconf 86' lang='lat' dir='ltr'><em>el</em></span> <span class='ocrx_word' id='word_1_85' title='bbox 1064 896 1116 935; x_wconf 88' lang='lat' dir='ltr'><em>nou</em></span> <span class='ocrx_word' id='word_1_86' title='bbox 1129 884 1318 933; x_wconf 70' lang='lat' dir='ltr'><em>exercendam</em></span> 
     </span>
     <span class='ocr_line' id='line_1_9' title="bbox 232 951 1318 1012; baseline 0 -12"><span class='ocrx_word' id='word_1_87' title='bbox 232 953 366 1001; x_wconf 78' lang='lat' dir='ltr'><em>calcatibus.</em></span> <span class='ocrx_word' id='word_1_88' title='bbox 379 953 422 1001; x_wconf 85' lang='lat' dir='ltr'><em>leli</em></span> <span class='ocrx_word' id='word_1_89' title='bbox 431 953 516 1001; x_wconf 87' lang='lat' dir='ltr'><em>sedent</em></span> <span class='ocrx_word' id='word_1_90' title='bbox 524 955 551 1001; x_wconf 88' lang='lat' dir='ltr'><em>et</em></span> <span class='ocrx_word' id='word_1_91' title='bbox 562 951 705 1011; x_wconf 77' lang='lat' dir='ltr'><em>explorant,</em></span> <span class='ocrx_word' id='word_1_92' title='bbox 715 951 758 1011; x_wconf 91' lang='lat' dir='ltr'><em>qai</em></span> <span class='ocrx_word' id='word_1_93' title='bbox 784 951 842 998; x_wconf 86' lang='lat' dir='ltr'><em>belli</em></span> <span class='ocrx_word' id='word_1_94' title='bbox 855 954 920 999; x_wconf 87' lang='lat' dir='ltr'><em>artes</em></span> <span class='ocrx_word' id='word_1_95' title='bbox 930 953 1007 1000; x_wconf 89' lang='lat' dir='ltr'><em>tuerit</em></span> <span class='ocrx_word' id='word_1_96' title='bbox 1016 952 1179 1012; x_wconf 80' lang='lat' dir='ltr'><em>inventutis,</em></span> <span class='ocrx_word' id='word_1_97' title='bbox 1196 964 1249 1000; x_wconf 88' lang='lat' dir='ltr'><em>nan</em></span> <span class='ocrx_word' id='word_1_98' title='bbox 1258 952 1318 1000; x_wconf 80' lang='lat' dir='ltr'><em>ded·</em></span> 
     </span>
     <span class='ocr_line' id='line_1_10' title="bbox 232 1019 1317 1083; baseline -0.001 -13"><span class='ocrx_word' id='word_1_99' title='bbox 232 1022 348 1083; x_wconf 73' lang='lat' dir='ltr'><em>justussit</em></span> <span class='ocrx_word' id='word_1_100' title='bbox 358 1022 384 1068; x_wconf 90' lang='lat' dir='ltr'><em>ln</em></span> <span class='ocrx_word' id='word_1_101' title='bbox 392 1022 439 1068; x_wconf 87' lang='lat' dir='ltr'><em>bec</em></span> <span class='ocrx_word' id='word_1_102' title='bbox 447 1021 548 1079; x_wconf 71' lang='lat' dir='ltr'><em>saeculo,</em></span> <span class='ocrx_word' id='word_1_103' title='bbox 558 1019 760 1081; x_wconf 81' lang='lat' dir='ltr'><em>quiltbristianus</em></span> <span class='ocrx_word' id='word_1_104' title='bbox 784 1021 869 1080; x_wconf 88' lang='lat' dir='ltr'><em>piendi</em></span> <span class='ocrx_word' id='word_1_105' title='bbox 888 1020 1040 1069; x_wconf 83' lang='lat' dir='ltr'><em>adversantis</em></span> <span class='ocrx_word' id='word_1_106' title='bbox 1054 1020 1151 1069; x_wconf 85' lang='lat' dir='ltr'><em>astutia</em></span> <span class='ocrx_word' id='word_1_107' title='bbox 1163 1021 1221 1068; x_wconf 86' lang='lat' dir='ltr'><em>ulla</em></span> <span class='ocrx_word' id='word_1_108' title='bbox 1234 1020 1317 1079; x_wconf 71' lang='lat' dir='ltr'><em>cordat</em></span> 
     </span>
     <span class='ocr_line' id='line_1_11' title="bbox 232 1087 1317 1149; baseline -0.002 -10"><span class='ocrx_word' id='word_1_109' title='bbox 232 1092 328 1140; x_wconf 87' lang='lat' dir='ltr'><em>intente</em></span> <span class='ocrx_word' id='word_1_110' title='bbox 338 1088 761 1146; x_wconf 74' lang='grc' dir='ltr'><strong>11111111111.11ιι(1111ι1111111111-</strong></span> <span class='ocrx_word' id='word_1_111' title='bbox 783 1089 812 1136; x_wconf 90' lang='lat' dir='ltr'><em>ut</em></span> <span class='ocrx_word' id='word_1_112' title='bbox 831 1089 1026 1138; x_wconf 82' lang='lat' dir='ltr'><em>illnmrineerct</em></span> <span class='ocrx_word' id='word_1_113' title='bbox 1042 1101 1121 1149; x_wconf 90' lang='lat' dir='ltr'><em>quem</em></span> <span class='ocrx_word' id='word_1_114' title='bbox 1140 1088 1269 1137; x_wconf 76' lang='lat' dir='ltr'><em>videbat:</em></span> <span class='ocrx_word' id='word_1_115' title='bbox 1281 1087 1317 1137; x_wconf 85' lang='lat' dir='ltr'><em>sed</em></span> 
     </span>
     <span class='ocr_line' id='line_1_12' title="bbox 232 1156 1317 1218; baseline -0.001 -11"><span class='ocrx_word' id='word_1_116' title='bbox 232 1161 267 1208; x_wconf 90' lang='lat' dir='ltr'><em>ris</em></span> <span class='ocrx_word' id='word_1_117' title='bbox 278 1160 304 1207; x_wconf 91' lang='grc'><em>11</em></span> <span class='ocrx_word' id='word_1_118' title='bbox 315 1159 383 1206; x_wconf 85' lang='lat' dir='ltr'><em>iacti.</em></span> <span class='ocrx_word' id='word_1_119' title='bbox 395 1158 539 1206; x_wconf 70' lang='lat' dir='ltr'><em>Detractant</em></span> <span class='ocrx_word' id='word_1_120' title='bbox 549 1158 580 1205; x_wconf 92' lang='lat' dir='ltr'><em>de</em></span> <span class='ocrx_word' id='word_1_121' title='bbox 591 1168 620 1204; x_wconf 92' lang='lat' dir='ltr'><em>ea</em></span> <span class='ocrx_word' id='word_1_122' title='bbox 631 1156 741 1204; x_wconf 88' lang='lat' dir='ltr'><em>diceutes</em></span> <span class='ocrx_word' id='word_1_123' title='bbox 752 1169 759 1201; x_wconf 76' lang='lat'><em>2</em></span> <span class='ocrx_word' id='word_1_124' title='bbox 783 1159 913 1207; x_wconf 85' lang='lat' dir='ltr'><em>adversum</em></span> <span class='ocrx_word' id='word_1_125' title='bbox 930 1171 972 1207; x_wconf 87' lang='lat' dir='ltr'><em>eas</em></span> <span class='ocrx_word' id='word_1_126' title='bbox 992 1158 1178 1218; x_wconf 71' lang='lat' dir='ltr'><em>preliabantur,</em></span> <span class='ocrx_word' id='word_1_127' title='bbox 1198 1170 1262 1218; x_wconf 83' lang='lat' dir='ltr'><em>quos</em></span> <span class='ocrx_word' id='word_1_128' title='bbox 1275 1170 1317 1206; x_wconf 74' lang='lat' dir='ltr'><em>um</em></span> 
     </span>
     <span class='ocr_line' id='line_1_13' title="bbox 232 1226 1317 1288; baseline -0.001 -12"><span class='ocrx_word' id='word_1_129' title='bbox 232 1229 382 1276; x_wconf 89' lang='lat' dir='ltr'><em>insidiemur</em></span> <span class='ocrx_word' id='word_1_130' title='bbox 390 1228 441 1287; x_wconf 89' lang='lat' dir='ltr'><em>illi,</em></span> <span class='ocrx_word' id='word_1_131' title='bbox 452 1228 693 1287; x_wconf 88' lang='lat' dir='ltr'><em>impediamuscum,</em></span> <span class='ocrx_word' id='word_1_132' title='bbox 704 1238 761 1284; x_wconf 90' lang='lat' dir='ltr'><em>pre-</em></span> <span class='ocrx_word' id='word_1_133' title='bbox 784 1227 899 1287; x_wconf 80' lang='lat' dir='ltr'><em>videbat3</em></span> <span class='ocrx_word' id='word_1_134' title='bbox 913 1227 1039 1287; x_wconf 84' lang='lat' dir='ltr'><em>majorque</em></span> <span class='ocrx_word' id='word_1_135' title='bbox 1057 1226 1085 1273; x_wconf 90' lang='lat' dir='ltr'><em>iu</em></span> <span class='ocrx_word' id='word_1_136' title='bbox 1096 1238 1126 1274; x_wconf 87' lang='lat' dir='ltr'><em>eo</em></span> <span class='ocrx_word' id='word_1_137' title='bbox 1137 1226 1244 1288; x_wconf 87' lang='lat' dir='ltr'><em>pietas,</em></span> <span class='ocrx_word' id='word_1_138' title='bbox 1253 1238 1317 1288; x_wconf 77' lang='lat' dir='ltr'><em>qun</em></span> 
     </span>
     <span class='ocr_line' id='line_1_14' title="bbox 233 1292 1340 1356; baseline -0.002 -12"><span class='ocrx_word' id='word_1_139' title='bbox 233 1297 361 1345; x_wconf 82' lang='lat' dir='ltr'><em>lribcamus</em></span> <span class='ocrx_word' id='word_1_140' title='bbox 371 1310 429 1345; x_wconf 90' lang='lat' dir='ltr'><em>eum</em></span> <span class='ocrx_word' id='word_1_141' title='bbox 443 1296 541 1344; x_wconf 76' lang='lat' dir='ltr'><em>elicere</em></span> <span class='ocrx_word' id='word_1_142' title='bbox 556 1307 611 1355; x_wconf 77' lang='lat' dir='ltr'><em>quse</em></span> <span class='ocrx_word' id='word_1_143' title='bbox 622 1293 760 1355; x_wconf 80' lang='lat' dir='ltr'><em>desiderat,</em></span> <span class='ocrx_word' id='word_1_144' title='bbox 784 1296 862 1344; x_wconf 79' lang='lat' dir='ltr'><em>virtus</em></span> <span class='ocrx_word' id='word_1_145' title='bbox 873 1296 981 1354; x_wconf 89' lang='lat' dir='ltr'><em>corporis</em></span> <span class='ocrx_word' id='word_1_146' title='bbox 988 1294 1122 1342; x_wconf 70' lang='lat' dir='ltr'><em>multabat.</em></span> <span class='ocrx_word' id='word_1_147' title='bbox 1135 1296 1234 1356; x_wconf 84' lang='lat' dir='ltr'><em>ltaque</em></span> <span class='ocrx_word' id='word_1_148' title='bbox 1242 1296 1268 1343; x_wconf 85' lang='lat' dir='ltr'><em>iu</em></span> <span class='ocrx_word' id='word_1_149' title='bbox 1277 1294 1315 1342; x_wconf 82' lang='lat' dir='ltr'><em>bct</em></span> <span class='ocrx_word' id='word_1_150' title='bbox 1337 1292 1340 1297; x_wconf 87' lang='lat'>&#39;</span> 
     </span>
     <span class='ocr_line' id='line_1_15' title="bbox 233 1362 1316 1423; baseline -0.001 -11"><span class='ocrx_word' id='word_1_151' title='bbox 233 1366 387 1413; x_wconf 87' lang='lat' dir='ltr'><em>conteramus</em></span> <span class='ocrx_word' id='word_1_152' title='bbox 405 1365 459 1422; x_wconf 85' lang='lat' dir='ltr'><em>ejus</em></span> <span class='ocrx_word' id='word_1_153' title='bbox 476 1365 599 1423; x_wconf 87' lang='lat' dir='ltr'><em>mentem,</em></span> <span class='ocrx_word' id='word_1_154' title='bbox 620 1362 760 1422; x_wconf 77' lang='lat' dir='ltr'><em>frangamus</em></span> <span class='ocrx_word' id='word_1_155' title='bbox 784 1363 945 1411; x_wconf 84' lang='lat' dir='ltr'><em>exercebatur</em></span> <span class='ocrx_word' id='word_1_156' title='bbox 959 1362 1206 1422; x_wconf 77' lang='lat' dir='ltr'><em>justificationibus3</em></span> <span class='ocrx_word' id='word_1_157' title='bbox 1221 1364 1252 1411; x_wconf 86' lang='lat' dir='ltr'><em>ut</em></span> <span class='ocrx_word' id='word_1_158' title='bbox 1268 1374 1316 1411; x_wconf 85' lang='lat' dir='ltr'><em>aaa·</em></span> 
     </span>
     <span class='ocr_line' id='line_1_16' title="bbox 233 1430 1313 1491; baseline -0.001 -12"><span class='ocrx_word' id='word_1_159' title='bbox 233 1433 342 1481; x_wconf 87' lang='lat' dir='ltr'><em>animum</em></span> <span class='ocrx_word' id='word_1_160' title='bbox 360 1433 415 1490; x_wconf 84' lang='lat' dir='ltr'><em>ejus</em></span> <span class='ocrx_word' id='word_1_161' title='bbox 432 1432 540 1479; x_wconf 79' lang='lat' dir='ltr'><em>adversis</em></span> <span class='ocrx_word' id='word_1_162' title='bbox 551 1431 722 1491; x_wconf 79' lang='lat' dir='ltr'><em>frequentibus</em></span> <span class='ocrx_word' id='word_1_163' title='bbox 733 1443 761 1478; x_wconf 91' lang='lat' dir='ltr'><em>ac</em></span> <span class='ocrx_word' id='word_1_164' title='bbox 784 1433 858 1479; x_wconf 89' lang='lat' dir='ltr'><em>traria</em></span> <span class='ocrx_word' id='word_1_165' title='bbox 877 1433 927 1479; x_wconf 89' lang='lat' dir='ltr'><em>ictu</em></span> <span class='ocrx_word' id='word_1_166' title='bbox 948 1431 1074 1480; x_wconf 87' lang='lat' dir='ltr'><em>diabolum</em></span> <span class='ocrx_word' id='word_1_167' title='bbox 1093 1431 1257 1479; x_wconf 79' lang='lat' dir='ltr'><em>vulneraret.</em></span> <span class='ocrx_word' id='word_1_168' title='bbox 1277 1430 1313 1477; x_wconf 83' lang='lat' dir='ltr'><em>ltle</em></span> 
     </span>
     <span class='ocr_line' id='line_1_17' title="bbox 234 1498 1315 1562; baseline -0.005 -10"><span class='ocrx_word' id='word_1_169' title='bbox 234 1503 369 1562; x_wconf 81' lang='lat' dir='ltr'><em>repentinis</em></span> <span class='ocrx_word' id='word_1_170' title='bbox 377 1515 385 1558; x_wconf 89' lang='lat'>;</span> <span class='ocrx_word' id='word_1_171' title='bbox 394 1502 420 1549; x_wconf 91' lang='lat' dir='ltr'><em>et</em></span> <span class='ocrx_word' id='word_1_172' title='bbox 428 1501 449 1547; x_wconf 89' lang='lat' dir='ltr'><em>si</em></span> <span class='ocrx_word' id='word_1_173' title='bbox 459 1501 509 1547; x_wconf 85' lang='lat' dir='ltr'><em>Dee</em></span> <span class='ocrx_word' id='word_1_174' title='bbox 520 1500 636 1560; x_wconf 88' lang='lat' dir='ltr'><em>probatus</em></span> <span class='ocrx_word' id='word_1_175' title='bbox 644 1500 681 1546; x_wconf 87' lang='lat' dir='ltr'><em>est</em></span> <span class='ocrx_word' id='word_1_176' title='bbox 689 1511 761 1558; x_wconf 86' lang='lat' dir='ltr'><em>prap-</em></span> <span class='ocrx_word' id='word_1_177' title='bbox 785 1500 878 1547; x_wconf 87' lang='lat' dir='ltr'><em>eumnb</em></span> <span class='ocrx_word' id='word_1_178' title='bbox 887 1501 1022 1548; x_wconf 87' lang='lat' dir='ltr'><em>intentione</em></span> <span class='ocrx_word' id='word_1_179' title='bbox 1032 1500 1150 1559; x_wconf 71' lang='lat' dir='ltr'><em>iustitia,</em></span> <span class='ocrx_word' id='word_1_180' title='bbox 1158 1500 1274 1549; x_wconf 86' lang='lat' dir='ltr'><em>etstudie</em></span> <span class='ocrx_word' id='word_1_181' title='bbox 1281 1498 1315 1547; x_wconf 82' lang='lat' dir='ltr'><em>ie·</em></span> 
     </span>
     <span class='ocr_line' id='line_1_18' title="bbox 232 1565 1314 1630; baseline -0.001 -13"><span class='ocrx_word' id='word_1_182' title='bbox 232 1570 272 1617; x_wconf 83' lang='lat' dir='ltr'><em>ter</em></span> <span class='ocrx_word' id='word_1_183' title='bbox 279 1570 415 1627; x_wconf 76' lang='lat' dir='ltr'><em>iustitiam,</em></span> <span class='ocrx_word' id='word_1_184' title='bbox 426 1579 536 1627; x_wconf 78' lang='lat' dir='ltr'><em>regemus</em></span> <span class='ocrx_word' id='word_1_185' title='bbox 544 1565 595 1612; x_wconf 90' lang='lat' dir='ltr'><em>dari</em></span> <span class='ocrx_word' id='word_1_186' title='bbox 605 1565 676 1613; x_wconf 88' lang='lat' dir='ltr'><em>uobis</em></span> <span class='ocrx_word' id='word_1_187' title='bbox 683 1566 762 1612; x_wconf 89' lang='lat' dir='ltr'><em>teuta·</em></span> <span class='ocrx_word' id='word_1_188' title='bbox 784 1569 902 1629; x_wconf 82' lang='lat' dir='ltr'><em>rationis,</em></span> <span class='ocrx_word' id='word_1_189' title='bbox 919 1570 1123 1630; x_wconf 78' lang='lat' dir='ltr'><em>occupationibus</em></span> <span class='ocrx_word' id='word_1_190' title='bbox 1136 1568 1244 1617; x_wconf 73' lang='lat' dir='ltr'><em>bellicis</em></span> <span class='ocrx_word' id='word_1_191' title='bbox 1253 1579 1314 1616; x_wconf 79' lang='lat' dir='ltr'><em>aona·</em></span> 
     </span>
     <span class='ocr_line' id='line_1_19' title="bbox 234 1633 1314 1699; baseline 0.001 -16"><span class='ocrx_word' id='word_1_192' title='bbox 234 1636 314 1684; x_wconf 86' lang='lat' dir='ltr'><em>tiones</em></span> <span class='ocrx_word' id='word_1_193' title='bbox 324 1636 385 1693; x_wconf 85' lang='lat' dir='ltr'><em>ejus.</em></span> <span class='ocrx_word' id='word_1_194' title='bbox 396 1635 480 1694; x_wconf 84' lang='lat' dir='ltr'><em>Neque</em></span> <span class='ocrx_word' id='word_1_195' title='bbox 489 1634 555 1680; x_wconf 92' lang='lat' dir='ltr'><em>enim</em></span> <span class='ocrx_word' id='word_1_196' title='bbox 565 1633 591 1680; x_wconf 94' lang='lat' dir='ltr'><em>in</em></span> <span class='ocrx_word' id='word_1_197' title='bbox 601 1634 696 1680; x_wconf 77' lang='lat' dir='ltr'><em>mnium</em></span> <span class='ocrx_word' id='word_1_198' title='bbox 705 1645 761 1691; x_wconf 87' lang='lat' dir='ltr'><em>pre-</em></span> <span class='ocrx_word' id='word_1_199' title='bbox 784 1638 856 1686; x_wconf 84' lang='lat' dir='ltr'><em>batur</em></span> <span class='ocrx_word' id='word_1_200' title='bbox 876 1640 1019 1687; x_wconf 79' lang='lat' dir='ltr'><em>abducere:</em></span> <span class='ocrx_word' id='word_1_201' title='bbox 1036 1639 1079 1686; x_wconf 88' lang='lat' dir='ltr'><em>bic</em></span> <span class='ocrx_word' id='word_1_202' title='bbox 1096 1638 1184 1699; x_wconf 69' lang='lat' dir='ltr'><em>magis</em></span> <span class='ocrx_word' id='word_1_203' title='bbox 1200 1650 1231 1687; x_wconf 86' lang='lat' dir='ltr'><em>sa</em></span> <span class='ocrx_word' id='word_1_204' title='bbox 1246 1637 1314 1687; x_wconf 86' lang='lat' dir='ltr'><em>dirlri</em></span> 
     </span>
     <span class='ocr_line' id='line_1_20' title="bbox 234 1701 1313 1767; baseline 0.006 -15"><span class='ocrx_word' id='word_1_205' title='bbox 234 1706 350 1765; x_wconf 80' lang='lat' dir='ltr'><em>phetam,</em></span> <span class='ocrx_word' id='word_1_206' title='bbox 368 1703 532 1751; x_wconf 84' lang='lat' dir='ltr'><em>tentationum</em></span> <span class='ocrx_word' id='word_1_207' title='bbox 547 1701 600 1759; x_wconf 79' lang='lat' dir='ltr'><em>eius</em></span> <span class='ocrx_word' id='word_1_208' title='bbox 610 1715 670 1762; x_wconf 91' lang='lat' dir='ltr'><em>quas</em></span> <span class='ocrx_word' id='word_1_209' title='bbox 681 1705 761 1762; x_wconf 92' lang='lat' dir='ltr'><em>pluri·</em></span> <span class='ocrx_word' id='word_1_210' title='bbox 784 1709 865 1767; x_wconf 90' lang='lat' dir='ltr'><em>aperis</em></span> <span class='ocrx_word' id='word_1_211' title='bbox 878 1710 904 1757; x_wconf 85' lang='lat' dir='ltr'><em>et</em></span> <span class='ocrx_word' id='word_1_212' title='bbox 918 1709 999 1756; x_wconf 91' lang='lat' dir='ltr'><em>cultus</em></span> <span class='ocrx_word' id='word_1_213' title='bbox 1013 1707 1229 1757; x_wconf 79' lang='lat' dir='ltr'><em>meditationibus</em></span> <span class='ocrx_word' id='word_1_214' title='bbox 1252 1718 1313 1757; x_wconf 78' lang='lat' dir='ltr'><em>occu·</em></span> 
     </span>
     <span class='ocr_line' id='line_1_21' title="bbox 233 1770 1312 1838; baseline 0.002 -17"><span class='ocrx_word' id='word_1_215' title='bbox 233 1787 286 1821; x_wconf 90' lang='lat' dir='ltr'><em>mas</em></span> <span class='ocrx_word' id='word_1_216' title='bbox 298 1773 387 1830; x_wconf 87' lang='lat' dir='ltr'><em>subiit,</em></span> <span class='ocrx_word' id='word_1_217' title='bbox 399 1772 544 1831; x_wconf 89' lang='lat' dir='ltr'><em>patestatem</em></span> <span class='ocrx_word' id='word_1_218' title='bbox 561 1770 652 1816; x_wconf 89' lang='lat' dir='ltr'><em>habere</em></span> <span class='ocrx_word' id='word_1_219' title='bbox 668 1772 761 1830; x_wconf 87' lang='lat' dir='ltr'><em>potuis·</em></span> <span class='ocrx_word' id='word_1_220' title='bbox 784 1779 866 1836; x_wconf 87' lang='lat' dir='ltr'><em>pabal.</em></span> <span class='ocrx_word' id='word_1_221' title='bbox 882 1779 967 1838; x_wconf 89' lang='lat' dir='ltr'><em>ltaque</em></span> <span class='ocrx_word' id='word_1_222' title='bbox 981 1776 1103 1825; x_wconf 88' lang='lat' dir='ltr'><em>Dominus</em></span> <span class='ocrx_word' id='word_1_223' title='bbox 1117 1777 1312 1836; x_wconf 68' lang='lat' dir='ltr'><em>protexeram,</em></span> 
     </span>
     <span class='ocr_line' id='line_1_22' title="bbox 234 1838 1313 1909; baseline 0.003 -21"><span class='ocrx_word' id='word_1_224' title='bbox 234 1840 303 1902; x_wconf 86' lang='lat' dir='ltr'><em>sent,</em></span> <span class='ocrx_word' id='word_1_225' title='bbox 313 1841 361 1889; x_wconf 90' lang='lat' dir='ltr'><em>nisi</em></span> <span class='ocrx_word' id='word_1_226' title='bbox 367 1840 485 1889; x_wconf 76' lang='grc' dir='ltr'><strong>111ιηί111</strong></span> <span class='ocrx_word' id='word_1_227' title='bbox 495 1838 613 1899; x_wconf 89' lang='lat' dir='ltr'><em>probandi</em></span> <span class='ocrx_word' id='word_1_228' title='bbox 624 1840 665 1886; x_wconf 88' lang='lat' dir='ltr'><em>sui</em></span> <span class='ocrx_word' id='word_1_229' title='bbox 673 1841 761 1888; x_wconf 86' lang='lat' dir='ltr'><em>militis</em></span> <span class='ocrx_word' id='word_1_230' title='bbox 784 1847 811 1893; x_wconf 90' lang='lat' dir='ltr'><em>in</em></span> <span class='ocrx_word' id='word_1_231' title='bbox 821 1859 894 1905; x_wconf 89' lang='lat' dir='ltr'><em>quern</em></span> <span class='ocrx_word' id='word_1_232' title='bbox 904 1845 1026 1906; x_wconf 79' lang='lat' dir='ltr'><em>sperarit,</em></span> <span class='ocrx_word' id='word_1_233' title='bbox 1034 1856 1092 1893; x_wconf 87' lang='lat' dir='ltr'><em>eum</em></span> <span class='ocrx_word' id='word_1_234' title='bbox 1101 1856 1153 1904; x_wconf 90' lang='lat' dir='ltr'><em>que</em></span> <span class='ocrx_word' id='word_1_235' title='bbox 1160 1844 1313 1909; x_wconf 80' lang='lat' dir='ltr'><em>loquebatur,</em></span> 
     </span>
     <span class='ocr_line' id='line_1_23' title="bbox 235 1907 1313 1968; baseline 0.003 -10"><span class='ocrx_word' id='word_1_236' title='bbox 235 1921 306 1958; x_wconf 73' lang='lat' dir='ltr'><em>musa</em></span> <span class='ocrx_word' id='word_1_237' title='bbox 323 1909 443 1967; x_wconf 85' lang='lat' dir='ltr'><em>dedisset,</em></span> <span class='ocrx_word' id='word_1_238' title='bbox 455 1908 484 1955; x_wconf 92' lang='lat' dir='ltr'><em>ut</em></span> <span class='ocrx_word' id='word_1_239' title='bbox 501 1907 592 1964; x_wconf 85' lang='lat' dir='ltr'><em>majera</em></span> <span class='ocrx_word' id='word_1_240' title='bbox 612 1920 669 1955; x_wconf 90' lang='lat' dir='ltr'><em>eum</em></span> <span class='ocrx_word' id='word_1_241' title='bbox 684 1910 761 1968; x_wconf 72' lang='lat' dir='ltr'><em>gloria</em></span> <span class='ocrx_word' id='word_1_242' title='bbox 784 1914 825 1961; x_wconf 88' lang='lat' dir='ltr'><em>cui</em></span> <span class='ocrx_word' id='word_1_243' title='bbox 835 1916 884 1962; x_wconf 89' lang='lat' dir='ltr'><em>tote</em></span> <span class='ocrx_word' id='word_1_244' title='bbox 893 1915 1032 1962; x_wconf 79' lang='lat' dir='ltr'><em>adhaerebat</em></span> <span class='ocrx_word' id='word_1_245' title='bbox 1043 1914 1146 1961; x_wconf 75' lang='lat' dir='ltr'><em>affeetu.</em></span> <span class='ocrx_word' id='word_1_246' title='bbox 1160 1914 1249 1962; x_wconf 74' lang='lat' dir='ltr'><em>iustus</em></span> <span class='ocrx_word' id='word_1_247' title='bbox 1258 1913 1313 1961; x_wconf 85' lang='lat' dir='ltr'><em>euin</em></span> 
     </span>
     <span class='ocr_line' id='line_1_24' title="bbox 232 1976 1314 2043; baseline 0.003 -17"><span class='ocrx_word' id='word_1_248' title='bbox 232 1978 369 2027; x_wconf 84' lang='lat' dir='ltr'><em>coronaret.</em></span> <span class='ocrx_word' id='word_1_249' title='bbox 380 1977 439 2036; x_wconf 85' lang='lat' dir='ltr'><em>Quis</em></span> <span class='ocrx_word' id='word_1_250' title='bbox 447 1976 521 2036; x_wconf 74' lang='lat' dir='ltr'><em>igitur</em></span> <span class='ocrx_word' id='word_1_251' title='bbox 531 1988 614 2035; x_wconf 79' lang='lat' dir='ltr'><em>reqem</em></span> <span class='ocrx_word' id='word_1_252' title='bbox 623 1976 679 2025; x_wconf 91' lang='lat' dir='ltr'><em>Saul</em></span> <span class='ocrx_word' id='word_1_253' title='bbox 692 1979 761 2024; x_wconf 86' lang='lat' dir='ltr'><em>exci-</em></span> <span class='ocrx_word' id='word_1_254' title='bbox 784 1983 826 2030; x_wconf 88' lang='lat' dir='ltr'><em>aut</em></span> <span class='ocrx_word' id='word_1_255' title='bbox 836 1996 892 2030; x_wconf 89' lang='lat' dir='ltr'><em>cum</em></span> <span class='ocrx_word' id='word_1_256' title='bbox 904 1984 955 2031; x_wconf 86' lang='lat' dir='ltr'><em>Dea</em></span> <span class='ocrx_word' id='word_1_257' title='bbox 970 1981 1080 2043; x_wconf 84' lang='lat' dir='ltr'><em>loquitur</em></span> <span class='ocrx_word' id='word_1_258' title='bbox 1098 1983 1213 2043; x_wconf 84' lang='lat' dir='ltr'><em>oranda,</em></span> <span class='ocrx_word' id='word_1_259' title='bbox 1232 1983 1273 2031; x_wconf 78' lang='lat' dir='ltr'><em>aut</em></span> <span class='ocrx_word' id='word_1_260' title='bbox 1284 1981 1314 2029; x_wconf 87' lang='lat' dir='ltr'><em>lt-</em></span> 
     </span>
     <span class='ocr_line' id='line_1_25' title="bbox 234 2044 1313 2114; baseline 0.007 -19"><span class='ocrx_word' id='word_1_261' title='bbox 234 2048 296 2095; x_wconf 86' lang='lat' dir='ltr'><em>lavit</em></span> <span class='ocrx_word' id='word_1_262' title='bbox 307 2048 332 2093; x_wconf 91' lang='lat' dir='ltr'><em>in</em></span> <span class='ocrx_word' id='word_1_263' title='bbox 347 2059 417 2105; x_wconf 91' lang='lat' dir='ltr'><em>eum,</em></span> <span class='ocrx_word' id='word_1_264' title='bbox 425 2045 475 2094; x_wconf 88' lang='lat' dir='ltr'><em>uisi</em></span> <span class='ocrx_word' id='word_1_265' title='bbox 486 2044 586 2104; x_wconf 89' lang='lat' dir='ltr'><em>spiritus</em></span> <span class='ocrx_word' id='word_1_266' title='bbox 605 2047 683 2093; x_wconf 89' lang='lat' dir='ltr'><em>malus</em></span> <span class='ocrx_word' id='word_1_267' title='bbox 697 2048 761 2094; x_wconf 88' lang='lat' dir='ltr'><em>sieut</em></span> <span class='ocrx_word' id='word_1_268' title='bbox 784 2053 841 2099; x_wconf 79' lang='lat' dir='ltr'><em>eiua</em></span> <span class='ocrx_word' id='word_1_269' title='bbox 850 2054 957 2112; x_wconf 87' lang='lat' dir='ltr'><em>loquitur</em></span> <span class='ocrx_word' id='word_1_270' title='bbox 968 2064 1041 2114; x_wconf 88' lang='lat' dir='ltr'><em>opera</em></span> <span class='ocrx_word' id='word_1_271' title='bbox 1053 2053 1204 2101; x_wconf 70' lang='lat' dir='ltr'><em>laudandae</em></span> <span class='ocrx_word' id='word_1_272' title='bbox 1222 2054 1249 2103; x_wconf 86' lang='grc'><em>11</em></span> <span class='ocrx_word' id='word_1_273' title='bbox 1260 2064 1313 2102; x_wconf 77' lang='grc'><strong>1111-</strong></span> 
     </span>
     <span class='ocr_line' id='line_1_26' title="bbox 234 2113 1314 2182; baseline 0.005 -19"><span class='ocrx_word' id='word_1_274' title='bbox 234 2115 399 2177; x_wconf 75' lang='lat' dir='ltr'><em>legimus,qui</em></span> <span class='ocrx_word' id='word_1_275' title='bbox 407 2128 433 2162; x_wconf 90' lang='lat' dir='ltr'><em>se</em></span> <span class='ocrx_word' id='word_1_276' title='bbox 441 2113 539 2160; x_wconf 85' lang='lat' dir='ltr'><em>delebat</em></span> <span class='ocrx_word' id='word_1_277' title='bbox 550 2113 761 2173; x_wconf 82' lang='lat' dir='ltr'><em>excludiqueties·</em></span> <span class='ocrx_word' id='word_1_278' title='bbox 784 2132 828 2178; x_wconf 93' lang='lat' dir='ltr'><em>per</em></span> <span class='ocrx_word' id='word_1_279' title='bbox 839 2122 947 2180; x_wconf 88' lang='lat' dir='ltr'><em>loquitur</em></span> <span class='ocrx_word' id='word_1_280' title='bbox 956 2133 1030 2181; x_wconf 91' lang='lat' dir='ltr'><em>opera</em></span> <span class='ocrx_word' id='word_1_281' title='bbox 1040 2121 1103 2173; x_wconf 73' lang='lat' dir='ltr'><em>Del:</em></span> <span class='ocrx_word' id='word_1_282' title='bbox 1117 2134 1152 2169; x_wconf 90' lang='lat' dir='ltr'><em>ne</em></span> <span class='ocrx_word' id='word_1_283' title='bbox 1164 2122 1281 2182; x_wconf 79' lang='lat' dir='ltr'><em>loquatur</em></span> <span class='ocrx_word' id='word_1_284' title='bbox 1292 2131 1314 2167; x_wconf 78' lang='lat' dir='ltr'><em>aa</em></span> 
     </span>
     <span class='ocr_line' id='line_1_27' title="bbox 233 2180 1314 2248; baseline 0.006 -18"><span class='ocrx_word' id='word_1_285' title='bbox 233 2196 339 2245; x_wconf 88' lang='lat' dir='ltr'><em>curnqne</em></span> <span class='ocrx_word' id='word_1_286' title='bbox 357 2182 435 2230; x_wconf 81' lang='lat' dir='ltr'><em>David</em></span> <span class='ocrx_word' id='word_1_287' title='bbox 449 2180 490 2230; x_wconf 87' lang='lat' dir='ltr'><em>vel</em></span> <span class='ocrx_word' id='word_1_288' title='bbox 508 2180 609 2228; x_wconf 78' lang='lat' dir='ltr'><em>eilbarre</em></span> <span class='ocrx_word' id='word_1_289' title='bbox 631 2193 703 2243; x_wconf 86' lang='lat' dir='ltr'><em>sone,</em></span> <span class='ocrx_word' id='word_1_290' title='bbox 720 2184 760 2230; x_wconf 84' lang='lat' dir='ltr'><em>vel</em></span> <span class='ocrx_word' id='word_1_291' title='bbox 785 2202 856 2236; x_wconf 87' lang='lat' dir='ltr'><em>suum</em></span> <span class='ocrx_word' id='word_1_292' title='bbox 870 2203 945 2248; x_wconf 88' lang='lat' dir='ltr'><em>opera</em></span> <span class='ocrx_word' id='word_1_293' title='bbox 960 2189 1098 2237; x_wconf 90' lang='lat' dir='ltr'><em>bominum.</em></span> <span class='ocrx_word' id='word_1_294' title='bbox 1109 2190 1185 2236; x_wconf 83' lang='lat' dir='ltr'><em>llilril</em></span> <span class='ocrx_word' id='word_1_295' title='bbox 1198 2192 1314 2241; x_wconf 78' lang='lat' dir='ltr'><em>terrenum</em></span> 
     </span>
     <span class='ocr_line' id='line_1_28' title="bbox 233 2251 1264 2319; baseline 0.006 -19"><span class='ocrx_word' id='word_1_296' title='bbox 233 2251 351 2301; x_wconf 88' lang='lat' dir='ltr'><em>banorum</em></span> <span class='ocrx_word' id='word_1_297' title='bbox 367 2252 522 2301; x_wconf 88' lang='lat' dir='ltr'><em>consiliorum</em></span> <span class='ocrx_word' id='word_1_298' title='bbox 538 2262 688 2310; x_wconf 88' lang='lat' dir='ltr'><em>operumque</em></span> <span class='ocrx_word' id='word_1_299' title='bbox 706 2252 761 2298; x_wconf 87' lang='lat' dir='ltr'><em>tidi-</em></span> <span class='ocrx_word' id='word_1_300' title='bbox 782 2258 861 2315; x_wconf 72' lang='lat' dir='ltr'><em>Jnstus</em></span> <span class='ocrx_word' id='word_1_301' title='bbox 873 2259 995 2317; x_wconf 79' lang='lat' dir='ltr'><em>loquitur,</em></span> <span class='ocrx_word' id='word_1_302' title='bbox 1005 2258 1069 2304; x_wconf 88' lang='lat' dir='ltr'><em>nihil</em></span> <span class='ocrx_word' id='word_1_303' title='bbox 1080 2259 1264 2319; x_wconf 70' lang='lat' dir='ltr'><em>mortaleaqit.</em></span> 
     </span>
     <span class='ocr_line' id='line_1_29' title="bbox 233 2319 1315 2386; baseline 0.006 -18"><span class='ocrx_word' id='word_1_304' title='bbox 233 2321 281 2369; x_wconf 88' lang='lat' dir='ltr'><em>bus</em></span> <span class='ocrx_word' id='word_1_305' title='bbox 297 2336 325 2371; x_wconf 91' lang='lat' dir='ltr'><em>ac</em></span> <span class='ocrx_word' id='word_1_306' title='bbox 342 2322 426 2370; x_wconf 80' lang='lat' dir='ltr'><em>uersis</em></span> <span class='ocrx_word' id='word_1_307' title='bbox 440 2320 549 2368; x_wconf 84' lang='lat' dir='ltr'><em>merrtem</em></span> <span class='ocrx_word' id='word_1_308' title='bbox 566 2319 630 2376; x_wconf 75' lang='lat' dir='ltr'><em>regis</em></span> <span class='ocrx_word' id='word_1_309' title='bbox 643 2321 762 2368; x_wconf 90' lang='lat' dir='ltr'><em>animum·</em></span> <span class='ocrx_word' id='word_1_310' title='bbox 814 2326 853 2373; x_wconf 81' lang='lat' dir='ltr'><em>tl.</em></span> <span class='ocrx_word' id='word_1_311' title='bbox 865 2327 970 2386; x_wconf 85' lang='lat' dir='ltr'><em>Ideoque</em></span> <span class='ocrx_word' id='word_1_312' title='bbox 987 2326 1060 2373; x_wconf 84' lang='lat' dir='ltr'><em>dicit:</em></span> <span class='ocrx_word' id='word_1_313' title='bbox 1075 2328 1178 2374; x_wconf 81' lang='lat' dir='ltr'><em>Etenim</em></span> <span class='ocrx_word' id='word_1_314' title='bbox 1194 2328 1315 2375; x_wconf 63' lang='lat' dir='ltr'><em>intimante</em></span> 
     </span>
     <span class='ocr_line' id='line_1_30' title="bbox 233 2386 1315 2451; baseline 0.004 -12"><span class='ocrx_word' id='word_1_315' title='bbox 233 2404 282 2451; x_wconf 91' lang='lat' dir='ltr'><em>que</em></span> <span class='ocrx_word' id='word_1_316' title='bbox 295 2386 463 2438; x_wconf 69' lang='lat' dir='ltr'><em>demulcebat?</em></span> <span class='ocrx_word' id='word_1_317' title='bbox 479 2387 538 2445; x_wconf 75' lang='lat' dir='ltr'><em>Quis</em></span> <span class='ocrx_word' id='word_1_318' title='bbox 549 2386 668 2434; x_wconf 64' lang='lat' dir='ltr'><em>excitavit</em></span> <span class='ocrx_word' id='word_1_319' title='bbox 678 2388 761 2436; x_wconf 79' lang='lat' dir='ltr'><em>Doech</em></span> <span class='ocrx_word' id='word_1_320' title='bbox 786 2398 826 2442; x_wconf 83' lang='lat' dir='ltr'><em>lna</em></span> <span class='ocrx_word' id='word_1_321' title='bbox 842 2398 959 2443; x_wconf 81' lang='lat' dir='ltr'><em>meditatio</em></span> <span class='ocrx_word' id='word_1_322' title='bbox 974 2409 1026 2442; x_wconf 87' lang='lat' dir='ltr'><em>mea</em></span> <span class='ocrx_word' id='word_1_323' title='bbox 1041 2397 1076 2442; x_wconf 86' lang='lat' dir='ltr'><em>eet</em></span> <span class='ocrx_word' id='word_1_324' title='bbox 1091 2409 1101 2442; x_wconf 92' lang='lat'><em>.·</em></span> <span class='ocrx_word' id='word_1_325' title='bbox 1116 2397 1140 2442; x_wconf 89' lang='lat' dir='ltr'><em>et</em></span> <span class='ocrx_word' id='word_1_326' title='bbox 1155 2397 1260 2443; x_wconf 69' lang='lat' dir='ltr'><em>mantia</em></span> <span class='ocrx_word' id='word_1_327' title='bbox 1272 2408 1315 2443; x_wconf 79' lang='lat' dir='ltr'><em>stes</em></span> 
     </span>
     <span class='ocr_line' id='line_1_31' title="bbox 234 2453 1314 2523; baseline -0.002 -18"><span class='ocrx_word' id='word_1_328' title='bbox 234 2459 288 2519; x_wconf 83' lang='lat' dir='ltr'><em>Syri</em></span> <span class='ocrx_word' id='word_1_329' title='bbox 299 2459 447 2518; x_wconf 86' lang='lat' dir='ltr'><em>nequitiam,</em></span> <span class='ocrx_word' id='word_1_330' title='bbox 458 2456 487 2503; x_wconf 88' lang='lat' dir='ltr'><em>ut</em></span> <span class='ocrx_word' id='word_1_331' title='bbox 497 2457 608 2502; x_wconf 82' lang='lat' dir='ltr'><em>sericium</em></span> <span class='ocrx_word' id='word_1_332' title='bbox 618 2453 762 2516; x_wconf 78' lang='lat' dir='ltr'><em>virumpro·</em></span> <span class='ocrx_word' id='word_1_333' title='bbox 781 2465 917 2522; x_wconf 59' lang='lat' dir='ltr'><em>justificatio</em></span> <span class='ocrx_word' id='word_1_334' title='bbox 935 2467 986 2511; x_wconf 71' lang='lat' dir='ltr'><em>tna.</em></span> <span class='ocrx_word' id='word_1_335' title='bbox 1004 2462 1121 2511; x_wconf 68' lang='lat' dir='ltr'><em>Advenis</em></span> <span class='ocrx_word' id='word_1_336' title='bbox 1137 2464 1208 2523; x_wconf 78' lang='lat' dir='ltr'><em>quid</em></span> <span class='ocrx_word' id='word_1_337' title='bbox 1224 2462 1314 2521; x_wconf 67' lang='lat' dir='ltr'><em>doceat,</em></span> 
     </span>
     <span class='ocr_line' id='line_1_32' title="bbox 233 2525 1314 2590; baseline 0 -16"><span class='ocrx_word' id='word_1_338' title='bbox 233 2528 318 2584; x_wconf 90' lang='lat' dir='ltr'><em>deret,</em></span> <span class='ocrx_word' id='word_1_339' title='bbox 330 2527 355 2574; x_wconf 89' lang='lat' dir='ltr'><em>et</em></span> <span class='ocrx_word' id='word_1_340' title='bbox 370 2527 515 2585; x_wconf 88' lang='lat' dir='ltr'><em>hospitalem</em></span> <span class='ocrx_word' id='word_1_341' title='bbox 530 2525 708 2572; x_wconf 87' lang='lat' dir='ltr'><em>humanitatem</em></span> <span class='ocrx_word' id='word_1_342' title='bbox 719 2526 762 2573; x_wconf 91' lang='lat' dir='ltr'><em>de-</em></span> <span class='ocrx_word' id='word_1_343' title='bbox 786 2532 851 2590; x_wconf 80' lang='lat' dir='ltr'><em>quod</em></span> <span class='ocrx_word' id='word_1_344' title='bbox 865 2533 917 2579; x_wconf 75' lang='lat' dir='ltr'><em>haec</em></span> <span class='ocrx_word' id='word_1_345' title='bbox 934 2531 1040 2579; x_wconf 72' lang='lat' dir='ltr'><em>debeant</em></span> <span class='ocrx_word' id='word_1_346' title='bbox 1054 2544 1110 2578; x_wconf 83' lang='lat' dir='ltr'><em>esse</em></span> <span class='ocrx_word' id='word_1_347' title='bbox 1126 2533 1238 2579; x_wconf 75' lang='lat' dir='ltr'><em>consilia</em></span> <span class='ocrx_word' id='word_1_348' title='bbox 1250 2530 1314 2590; x_wconf 79' lang='lat' dir='ltr'><em>justi,</em></span> 
     </span>
     <span class='ocr_line' id='line_1_33' title="bbox 234 2593 1315 2658; baseline 0.001 -16"><span class='ocrx_word' id='word_1_349' title='bbox 234 2595 335 2643; x_wconf 89' lang='lat' dir='ltr'><em>duceret</em></span> <span class='ocrx_word' id='word_1_350' title='bbox 351 2595 377 2640; x_wconf 89' lang='lat' dir='ltr'><em>in</em></span> <span class='ocrx_word' id='word_1_351' title='bbox 393 2595 530 2653; x_wconf 90' lang='lat' dir='ltr'><em>perieulum</em></span> <span class='ocrx_word' id='word_1_352' title='bbox 548 2593 695 2641; x_wconf 78' lang='lat' dir='ltr'><em>sacerdotis?</em></span> <span class='ocrx_word' id='word_1_353' title='bbox 704 2596 763 2653; x_wconf 85' lang='lat' dir='ltr'><em>Quis</em></span> <span class='ocrx_word' id='word_1_354' title='bbox 786 2602 814 2646; x_wconf 81' lang='lat' dir='ltr'><em>ut</em></span> <span class='ocrx_word' id='word_1_355' title='bbox 826 2601 958 2648; x_wconf 71' lang='lat' dir='ltr'><em>meditetur</em></span> <span class='ocrx_word' id='word_1_356' title='bbox 968 2599 1082 2646; x_wconf 57' lang='lat' dir='ltr'><em>mandas</em></span> <span class='ocrx_word' id='word_1_357' title='bbox 1093 2601 1158 2658; x_wconf 82' lang='lat' dir='ltr'><em>Dei,</em></span> <span class='ocrx_word' id='word_1_358' title='bbox 1172 2602 1315 2649; x_wconf 66' lang='lat' dir='ltr'><em>otenel-eea-</em></span> 
     </span>
     <span class='ocr_line' id='line_1_34' title="bbox 235 2662 1316 2727; baseline 0.004 -18"><span class='ocrx_word' id='word_1_359' title='bbox 235 2662 394 2709; x_wconf 80' lang='lat' dir='ltr'><em>inflammavit</em></span> <span class='ocrx_word' id='word_1_360' title='bbox 416 2662 526 2708; x_wconf 89' lang='lat' dir='ltr'><em>ardorem</em></span> <span class='ocrx_word' id='word_1_361' title='bbox 544 2662 659 2721; x_wconf 75' lang='lat' dir='ltr'><em>Ammon,</em></span> <span class='ocrx_word' id='word_1_362' title='bbox 676 2664 704 2709; x_wconf 91' lang='lat' dir='ltr'><em>ut</em></span> <span class='ocrx_word' id='word_1_363' title='bbox 721 2663 764 2709; x_wconf 90' lang='lat' dir='ltr'><em>do-</em></span> <span class='ocrx_word' id='word_1_364' title='bbox 787 2667 827 2712; x_wconf 90' lang='lat' dir='ltr'><em>tur</em></span> <span class='ocrx_word' id='word_1_365' title='bbox 839 2668 864 2713; x_wconf 90' lang='lat' dir='ltr'><em>ln</em></span> <span class='ocrx_word' id='word_1_366' title='bbox 876 2667 922 2713; x_wconf 87' lang='grc'><strong>1111</strong></span> <span class='ocrx_word' id='word_1_367' title='bbox 933 2667 1046 2713; x_wconf 87' lang='lat' dir='ltr'><em>laudibus</em></span> <span class='ocrx_word' id='word_1_368' title='bbox 1055 2668 1082 2713; x_wconf 88' lang='lat' dir='ltr'><em>et</em></span> <span class='ocrx_word' id='word_1_369' title='bbox 1098 2668 1227 2727; x_wconf 80' lang='lat' dir='ltr'><em>oraculis3</em></span> <span class='ocrx_word' id='word_1_370' title='bbox 1239 2667 1316 2725; x_wconf 79' lang='lat' dir='ltr'><em>utino·</em></span> 
     </span>
     <span class='ocr_line' id='line_1_35' title="bbox 233 2730 1315 2796; baseline 0.003 -16"><span class='ocrx_word' id='word_1_371' title='bbox 233 2746 303 2780; x_wconf 87' lang='lat' dir='ltr'><em>mum</em></span> <span class='ocrx_word' id='word_1_372' title='bbox 317 2733 449 2779; x_wconf 84' lang='lat' dir='ltr'><em>incestaret</em></span> <span class='ocrx_word' id='word_1_373' title='bbox 464 2730 647 2792; x_wconf 86' lang='lat' dir='ltr'><em>propheticam,</em></span> <span class='ocrx_word' id='word_1_374' title='bbox 659 2734 685 2778; x_wconf 92' lang='lat' dir='ltr'><em>et</em></span> <span class='ocrx_word' id='word_1_375' title='bbox 705 2745 763 2780; x_wconf 90' lang='lat' dir='ltr'><em>eeu·</em></span> <span class='ocrx_word' id='word_1_376' title='bbox 786 2735 863 2782; x_wconf 88' lang='lat' dir='ltr'><em>titleet</em></span> <span class='ocrx_word' id='word_1_377' title='bbox 873 2736 1003 2782; x_wconf 84' lang='lat' dir='ltr'><em>Dominum</em></span> <span class='ocrx_word' id='word_1_378' title='bbox 1013 2747 1123 2793; x_wconf 88' lang='lat' dir='ltr'><em>semper.</em></span> <span class='ocrx_word' id='word_1_379' title='bbox 1136 2736 1189 2793; x_wconf 84' lang='lat' dir='ltr'><em>Qui</em></span> <span class='ocrx_word' id='word_1_380' title='bbox 1202 2737 1261 2783; x_wconf 86' lang='lat' dir='ltr'><em>lacit</em></span> <span class='ocrx_word' id='word_1_381' title='bbox 1271 2747 1315 2796; x_wconf 84' lang='lat' dir='ltr'><em>qua</em></span> 
     </span>
     <span class='ocr_line' id='line_1_36' title="bbox 236 2801 1314 2865; baseline 0.003 -17"><span class='ocrx_word' id='word_1_382' title='bbox 236 2801 341 2848; x_wconf 88' lang='lat' dir='ltr'><em>tristaret</em></span> <span class='ocrx_word' id='word_1_383' title='bbox 349 2801 455 2847; x_wconf 90' lang='lat' dir='ltr'><em>animum</em></span> <span class='ocrx_word' id='word_1_384' title='bbox 464 2801 548 2859; x_wconf 88' lang='lat' dir='ltr'><em>patris,</em></span> <span class='ocrx_word' id='word_1_385' title='bbox 559 2801 659 2848; x_wconf 87' lang='lat' dir='ltr'><em>alterins</em></span> <span class='ocrx_word' id='word_1_386' title='bbox 670 2802 762 2849; x_wconf 89' lang='lat' dir='ltr'><em>incesta</em></span> <span class='ocrx_word' id='word_1_387' title='bbox 786 2803 851 2849; x_wconf 87' lang='lat' dir='ltr'><em>Deus</em></span> <span class='ocrx_word' id='word_1_388' title='bbox 860 2803 972 2860; x_wconf 89' lang='lat' dir='ltr'><em>mandat,</em></span> <span class='ocrx_word' id='word_1_389' title='bbox 983 2815 1037 2862; x_wconf 77' lang='lat' dir='ltr'><em>qnae</em></span> <span class='ocrx_word' id='word_1_390' title='bbox 1048 2803 1130 2850; x_wconf 89' lang='lat' dir='ltr'><em>eredit</em></span> <span class='ocrx_word' id='word_1_391' title='bbox 1141 2805 1200 2852; x_wconf 86' lang='lat' dir='ltr'><em>Deo</em></span> <span class='ocrx_word' id='word_1_392' title='bbox 1212 2805 1314 2865; x_wconf 81' lang='lat' dir='ltr'><em>plaeere,</em></span> 
     </span>
     <span class='ocr_line' id='line_1_37' title="bbox 235 2869 1315 2930; baseline 0.003 -15"><span class='ocrx_word' id='word_1_393' title='bbox 235 2869 353 2927; x_wconf 89' lang='lat' dir='ltr'><em>libidine,</em></span> <span class='ocrx_word' id='word_1_394' title='bbox 369 2869 469 2916; x_wconf 88' lang='lat' dir='ltr'><em>alterius</em></span> <span class='ocrx_word' id='word_1_395' title='bbox 486 2869 597 2927; x_wconf 86' lang='lat' dir='ltr'><em>injuria:</em></span> <span class='ocrx_word' id='word_1_396' title='bbox 615 2871 640 2917; x_wconf 87' lang='grc'><em>11</em></span> <span class='ocrx_word' id='word_1_397' title='bbox 651 2871 693 2930; x_wconf 92' lang='lat' dir='ltr'><em>qui</em></span> <span class='ocrx_word' id='word_1_398' title='bbox 707 2871 762 2917; x_wconf 92' lang='lat' dir='ltr'><em>allis</em></span> <span class='ocrx_word' id='word_1_399' title='bbox 785 2873 862 2918; x_wconf 88' lang='lat' dir='ltr'><em>Deum</em></span> <span class='ocrx_word' id='word_1_400' title='bbox 869 2873 994 2929; x_wconf 76' lang='lat' dir='ltr'><em>iustificat.</em></span> <span class='ocrx_word' id='word_1_401' title='bbox 1003 2871 1072 2929; x_wconf 86' lang='lat' dir='ltr'><em>Quod</em></span> <span class='ocrx_word' id='word_1_402' title='bbox 1081 2873 1242 2921; x_wconf 87' lang='lat' dir='ltr'><em>exlectiene</em></span> <span class='ocrx_word' id='word_1_403' title='bbox 1250 2875 1315 2919; x_wconf 81' lang='lat' dir='ltr'><em>lineu-</em></span> 
     </span>
     <span class='ocr_line' id='line_1_38' title="bbox 232 2937 1315 2999; baseline 0.001 -13"><span class='ocrx_word' id='word_1_404' title='bbox 232 2939 402 2999; x_wconf 87' lang='lat' dir='ltr'><em>prophetabat,</em></span> <span class='ocrx_word' id='word_1_405' title='bbox 410 2937 761 2998; x_wconf 82' lang='lat' dir='ltr'><em>domussuaemalapraevidere</em></span> <span class='ocrx_word' id='word_1_406' title='bbox 785 2939 1315 2998; x_wconf 74' lang='lat' dir='ltr'><em>gellipessumusiutelligere,dieentellrm·</em></span> 
     </span>
     <span class='ocr_line' id='line_1_39' title="bbox 233 3004 1314 3067; baseline 0.001 -13"><span class='ocrx_word' id='word_1_407' title='bbox 233 3020 282 3054; x_wconf 89' lang='lat' dir='ltr'><em>uon</em></span> <span class='ocrx_word' id='word_1_408' title='bbox 299 3004 421 3066; x_wconf 76' lang='lat' dir='ltr'><em>potuerit?</em></span> <span class='ocrx_word' id='word_1_409' title='bbox 441 3006 500 3064; x_wconf 86' lang='lat' dir='ltr'><em>Quis</em></span> <span class='ocrx_word' id='word_1_410' title='bbox 523 3006 627 3053; x_wconf 73' lang='lat' dir='ltr'><em>armant</em></span> <span class='ocrx_word' id='word_1_411' title='bbox 654 3006 761 3053; x_wconf 86' lang='lat' dir='ltr'><em>iurarem</em></span> <span class='ocrx_word' id='word_1_412' title='bbox 785 3008 885 3066; x_wconf 76' lang='lat' dir='ltr'><em>gelista,</em></span> <span class='ocrx_word' id='word_1_413' title='bbox 901 3008 959 3067; x_wconf 90' lang='lat' dir='ltr'><em>quia</em></span> <span class='ocrx_word' id='word_1_414' title='bbox 972 3007 1085 3067; x_wconf 85' lang='lat' dir='ltr'><em>pharisaei</em></span> <span class='ocrx_word' id='word_1_415' title='bbox 1097 3010 1257 3067; x_wconf 81' lang='lat' dir='ltr'><em>spreverunt</em></span> <span class='ocrx_word' id='word_1_416' title='bbox 1267 3019 1314 3055; x_wconf 88' lang='lat' dir='ltr'><em>eoo-</em></span> 
     </span>
     <span class='ocr_line' id='line_1_40' title="bbox 179 3074 1314 3136; baseline 0.002 -14"><span class='ocrx_word' id='word_1_417' title='bbox 179 3125 181 3130; x_wconf 64' lang='lat'><em>,</em></span> <span class='ocrx_word' id='word_1_418' title='bbox 232 3076 377 3134; x_wconf 75' lang='lat' dir='ltr'><em>Abessalon,</em></span> <span class='ocrx_word' id='word_1_419' title='bbox 395 3075 424 3122; x_wconf 91' lang='lat' dir='ltr'><em>ut</em></span> <span class='ocrx_word' id='word_1_420' title='bbox 444 3075 539 3133; x_wconf 88' lang='lat' dir='ltr'><em>patrem</em></span> <span class='ocrx_word' id='word_1_421' title='bbox 556 3074 627 3121; x_wconf 88' lang='lat' dir='ltr'><em>doma</em></span> <span class='ocrx_word' id='word_1_422' title='bbox 642 3074 761 3121; x_wconf 83' lang='lat' dir='ltr'><em>exclude·</em></span> <span class='ocrx_word' id='word_1_423' title='bbox 785 3075 868 3121; x_wconf 89' lang='lat' dir='ltr'><em>silium</em></span> <span class='ocrx_word' id='word_1_424' title='bbox 892 3077 955 3132; x_wconf 83' lang='lat' dir='ltr'><em>bei,</em></span> <span class='ocrx_word' id='word_1_425' title='bbox 980 3089 1029 3123; x_wconf 90' lang='lat' dir='ltr'><em>nou</em></span> <span class='ocrx_word' id='word_1_426' title='bbox 1050 3077 1176 3135; x_wconf 82' lang='lat' dir='ltr'><em>baptizati</em></span> <span class='ocrx_word' id='word_1_427' title='bbox 1201 3078 1314 3136; x_wconf 83' lang='lat' dir='ltr'><em>baptismo</em></span> 
     </span>
     <span class='ocr_line' id='line_1_41' title="bbox 233 3142 1314 3204; baseline 0.003 -14"><span class='ocrx_word' id='word_1_428' title='bbox 233 3143 286 3203; x_wconf 88' lang='lat' dir='ltr'><em>ret,</em></span> <span class='ocrx_word' id='word_1_429' title='bbox 297 3145 322 3191; x_wconf 90' lang='lat' dir='ltr'><em>et</em></span> <span class='ocrx_word' id='word_1_430' title='bbox 336 3142 477 3203; x_wconf 88' lang='lat' dir='ltr'><em>parricidali</em></span> <span class='ocrx_word' id='word_1_431' title='bbox 493 3143 682 3202; x_wconf 87' lang='lat' dir='ltr'><em>persequeretur</em></span> <span class='ocrx_word' id='word_1_432' title='bbox 700 3156 760 3202; x_wconf 87' lang='lat' dir='ltr'><em>prae-</em></span> <span class='ocrx_word' id='word_1_433' title='bbox 784 3144 908 3191; x_wconf 83' lang='lat' dir='ltr'><em>lobannis.</em></span> <span class='ocrx_word' id='word_1_434' title='bbox 918 3145 1136 3204; x_wconf 86' lang='lat' dir='ltr'><em>lleeinunellbro,</em></span> <span class='ocrx_word' id='word_1_435' title='bbox 1145 3147 1314 3194; x_wconf 83' lang='lat' dir='ltr'><em>inaltcauteu</em></span> 
     </span>
     <span class='ocr_line' id='line_1_42' title="bbox 233 3209 1314 3331; baseline 0.005 -73"><span class='ocrx_word' id='word_1_436' title='bbox 233 3212 282 3259; x_wconf 79' lang='lat' dir='ltr'><em>liat</em></span> <span class='ocrx_word' id='word_1_437' title='bbox 296 3210 345 3257; x_wconf 88' lang='lat' dir='ltr'><em>Sed</em></span> <span class='ocrx_word' id='word_1_438' title='bbox 359 3223 415 3257; x_wconf 90' lang='lat' dir='ltr'><em>eum</em></span> <span class='ocrx_word' id='word_1_439' title='bbox 430 3221 507 3269; x_wconf 91' lang='lat' dir='ltr'><em>prope</em></span> <span class='ocrx_word' id='word_1_440' title='bbox 517 3209 612 3256; x_wconf 82' lang='lat' dir='ltr'><em>viribus</em></span> <span class='ocrx_word' id='word_1_441' title='bbox 622 3211 693 3268; x_wconf 77' lang='lat' dir='ltr'><em>regni</em></span> <span class='ocrx_word' id='word_1_442' title='bbox 709 3211 759 3267; x_wconf 87' lang='lat' dir='ltr'><em>jam</em></span> <span class='ocrx_word' id='word_1_443' title='bbox 784 3209 860 3258; x_wconf 85' lang='lat' dir='ltr'><em>babes</em></span> <span class='ocrx_word' id='word_1_444' title='bbox 872 3226 879 3259; x_wconf 78' lang='lat' dir='ltr'><em>r</em></span> <span class='ocrx_word' id='word_1_445' title='bbox 891 3212 1314 3331; x_wconf 52' lang='lat' dir='ltr'><em>nonjustllieaveruntlbeumffl</em></span> 
     </span>
     <span class='ocr_line' id='line_1_43' title="bbox 234 3276 1250 3337; baseline 0.004 -10"><span class='ocrx_word' id='word_1_446' title='bbox 234 3280 298 3328; x_wconf 85' lang='lat' dir='ltr'><em>esset</em></span> <span class='ocrx_word' id='word_1_447' title='bbox 309 3281 406 3326; x_wconf 87' lang='lat' dir='ltr'><em>sanetus</em></span> <span class='ocrx_word' id='word_1_448' title='bbox 417 3276 528 3335; x_wconf 84' lang='lat' dir='ltr'><em>interior,</em></span> <span class='ocrx_word' id='word_1_449' title='bbox 540 3277 586 3324; x_wconf 90' lang='lat' dir='ltr'><em>boe</em></span> <span class='ocrx_word' id='word_1_450' title='bbox 595 3290 645 3324; x_wconf 90' lang='lat' dir='ltr'><em>una</em></span> <span class='ocrx_word' id='word_1_451' title='bbox 660 3279 759 3326; x_wconf 88' lang='lat' dir='ltr'><em>incensa</em></span> <span class='ocrx_word' id='word_1_452' title='bbox 784 3278 902 3337; x_wconf 88' lang='lat' dir='ltr'><em>baptizari</em></span> <span class='ocrx_word' id='word_1_453' title='bbox 916 3281 1057 3330; x_wconf 86' lang='lat' dir='ltr'><em>noluerunt.</em></span> <span class='ocrx_word' id='word_1_454' title='bbox 1076 3281 1137 3329; x_wconf 91' lang='lat' dir='ltr'><em>ldeo</em></span> <span class='ocrx_word' id='word_1_455' title='bbox 1151 3284 1250 3331; x_wconf 89' lang='lat' dir='ltr'><em>Domiu</em></span> 
     </span>
     <span class='ocr_line' id='line_1_44' title="bbox 234 3344 1313 3411; baseline 0.002 -16"><span class='ocrx_word' id='word_1_456' title='bbox 234 3349 361 3395; x_wconf 84' lang='lat' dir='ltr'><em>adversum</em></span> <span class='ocrx_word' id='word_1_457' title='bbox 376 3358 402 3392; x_wconf 90' lang='lat' dir='ltr'><em>se</em></span> <span class='ocrx_word' id='word_1_458' title='bbox 415 3344 505 3390; x_wconf 89' lang='lat' dir='ltr'><em>diaboli</em></span> <span class='ocrx_word' id='word_1_459' title='bbox 520 3345 635 3391; x_wconf 79' lang='lat' dir='ltr'><em>restinxit</em></span> <span class='ocrx_word' id='word_1_460' title='bbox 651 3346 758 3404; x_wconf 85' lang='lat' dir='ltr'><em>spicula,</em></span> <span class='ocrx_word' id='word_1_461' title='bbox 783 3347 919 3396; x_wconf 81' lang='lat' dir='ltr'><em>iohannem</em></span> <span class='ocrx_word' id='word_1_462' title='bbox 937 3349 1060 3397; x_wconf 87' lang='lat' dir='ltr'><em>dicentem</em></span> <span class='ocrx_word' id='word_1_463' title='bbox 1078 3363 1085 3394; x_wconf 76' lang='lat' dir='ltr'><em>c</em></span> <span class='ocrx_word' id='word_1_464' title='bbox 1109 3353 1163 3411; x_wconf 78' lang='lat' dir='ltr'><em>Epo</em></span> <span class='ocrx_word' id='word_1_465' title='bbox 1181 3367 1200 3399; x_wconf 93' lang='lat' dir='ltr'><em>a</em></span> <span class='ocrx_word' id='word_1_466' title='bbox 1217 3355 1240 3400; x_wconf 82' lang='lat' dir='ltr'><em>te</em></span> <span class='ocrx_word' id='word_1_467' title='bbox 1254 3350 1313 3399; x_wconf 83' lang='lat' dir='ltr'><em>debet</em></span> 
     </span>
     <span class='ocr_line' id='line_1_45' title="bbox 234 3411 1312 3481; baseline 0.005 -21"><span class='ocrx_word' id='word_1_468' title='bbox 234 3413 367 3473; x_wconf 90' lang='lat' dir='ltr'><em>quodcum</em></span> <span class='ocrx_word' id='word_1_469' title='bbox 376 3411 441 3457; x_wconf 89' lang='lat' dir='ltr'><em>iilius</em></span> <span class='ocrx_word' id='word_1_470' title='bbox 461 3423 548 3458; x_wconf 89' lang='lat' dir='ltr'><em>necem</em></span> <span class='ocrx_word' id='word_1_471' title='bbox 560 3412 656 3470; x_wconf 88' lang='lat' dir='ltr'><em>peteret</em></span> <span class='ocrx_word' id='word_1_472' title='bbox 669 3414 758 3473; x_wconf 88' lang='lat' dir='ltr'><em>patris,</em></span> <span class='ocrx_word' id='word_1_473' title='bbox 784 3417 911 3477; x_wconf 85' lang='lat' dir='ltr'><em>baptizari,</em></span> <span class='ocrx_word' id='word_1_474' title='bbox 922 3422 944 3467; x_wconf 87' lang='lat' dir='ltr'><em>et</em></span> <span class='ocrx_word' id='word_1_475' title='bbox 954 3423 980 3467; x_wconf 92' lang='lat' dir='ltr'><em>ta</em></span> <span class='ocrx_word' id='word_1_476' title='bbox 990 3421 1157 3479; x_wconf 81' lang='lat' dir='ltr'><em>aenicadme3</em></span> <span class='ocrx_word' id='word_1_477' title='bbox 1169 3419 1312 3481; x_wconf 82' lang='lat' dir='ltr'><em>respondit:</em></span> 
     </span>
     <span class='ocr_line' id='line_1_46' title="bbox 233 3478 1312 3551; baseline 0.01 -25"><span class='ocrx_word' id='word_1_478' title='bbox 233 3481 276 3528; x_wconf 89' lang='lat' dir='ltr'><em>ille</em></span> <span class='ocrx_word' id='word_1_479' title='bbox 285 3479 479 3528; x_wconf 87' lang='lat' dir='ltr'><em>tamensalutem</em></span> <span class='ocrx_word' id='word_1_480' title='bbox 488 3478 534 3525; x_wconf 84' lang='lat' dir='ltr'><em>biii</em></span> <span class='ocrx_word' id='word_1_481' title='bbox 550 3480 651 3539; x_wconf 87' lang='lat' dir='ltr'><em>pietatis</em></span> <span class='ocrx_word' id='word_1_482' title='bbox 661 3484 759 3530; x_wconf 88' lang='lat' dir='ltr'><em>manda·</em></span> <span class='ocrx_word' id='word_1_483' title='bbox 783 3488 838 3533; x_wconf 77' lang='lat' dir='ltr'><em>Since</em></span> <span class='ocrx_word' id='word_1_484' title='bbox 847 3489 929 3548; x_wconf 82' lang='lat' dir='ltr'><em>mod03</em></span> <span class='ocrx_word' id='word_1_485' title='bbox 945 3490 978 3536; x_wconf 89' lang='lat' dir='ltr'><em>sic</em></span> <span class='ocrx_word' id='word_1_486' title='bbox 988 3490 1049 3535; x_wconf 83' lang='lat' dir='ltr'><em>enim</em></span> <span class='ocrx_word' id='word_1_487' title='bbox 1060 3491 1151 3548; x_wconf 86' lang='lat' dir='ltr'><em>oportet</em></span> <span class='ocrx_word' id='word_1_488' title='bbox 1167 3502 1216 3538; x_wconf 86' lang='lat' dir='ltr'><em>nos</em></span> <span class='ocrx_word' id='word_1_489' title='bbox 1227 3490 1312 3551; x_wconf 74' lang='lat' dir='ltr'><em>rapae</em></span> 
     </span>
     <span class='ocr_line' id='line_1_47' title="bbox 233 3549 1313 3617; baseline 0.009 -23"><span class='ocrx_word' id='word_1_490' title='bbox 233 3549 357 3596; x_wconf 83' lang='lat' dir='ltr'><em>batatIeet</em></span> <span class='ocrx_word' id='word_1_491' title='bbox 375 3579 383 3595; x_wconf 85' lang='lat'><strong>.</strong></span> <span class='ocrx_word' id='word_1_492' title='bbox 477 3565 481 3573; x_wconf 93' lang='lat'><strong>·</strong></span> <span class='ocrx_word' id='word_1_493' title='bbox 783 3568 873 3602; x_wconf 86' lang='lat' dir='ltr'><em>emnem</em></span> <span class='ocrx_word' id='word_1_494' title='bbox 885 3556 1011 3614; x_wconf 71' lang='lat' dir='ltr'><em>jaebtiam.</em></span> <span class='ocrx_word' id='word_1_495' title='bbox 1029 3557 1076 3614; x_wconf 86' lang='lat' dir='ltr'><em>Qui</em></span> <span class='ocrx_word' id='word_1_496' title='bbox 1092 3569 1153 3617; x_wconf 79' lang='lat' dir='ltr'><em>ergo</em></span> <span class='ocrx_word' id='word_1_497' title='bbox 1171 3556 1313 3606; x_wconf 78' lang='grc'><strong>111111111-</strong></span> 
     </span>
    </p>

    <p class='ocr_par' dir='ltr' id='par_1_3' title="bbox 233 3615 1312 3959">
     <span class='ocr_line' id='line_1_48' title="bbox 262 3615 1312 3686; baseline 0.006 -25"><span class='ocrx_word' id='word_1_498' title='bbox 262 3615 302 3663; x_wconf 82' lang='lat' dir='ltr'><em>td.</em></span> <span class='ocrx_word' id='word_1_499' title='bbox 317 3618 377 3676; x_wconf 76' lang='lat' dir='ltr'><em>Ergo</em></span> <span class='ocrx_word' id='word_1_500' title='bbox 393 3616 518 3678; x_wconf 85' lang='lat' dir='ltr'><em>principes</em></span> <span class='ocrx_word' id='word_1_501' title='bbox 530 3619 630 3681; x_wconf 90' lang='lat' dir='ltr'><em>populi,</em></span> <span class='ocrx_word' id='word_1_502' title='bbox 643 3621 671 3669; x_wconf 90' lang='lat' dir='ltr'><em>ut</em></span> <span class='ocrx_word' id='word_1_503' title='bbox 685 3620 759 3670; x_wconf 80' lang='grc' dir='ltr'><strong>1111ιί-</strong></span> <span class='ocrx_word' id='word_1_504' title='bbox 783 3620 839 3668; x_wconf 87' lang='lat' dir='ltr'><em>data</em></span> <span class='ocrx_word' id='word_1_505' title='bbox 853 3624 914 3681; x_wconf 90' lang='lat' dir='ltr'><em>Dei,</em></span> <span class='ocrx_word' id='word_1_506' title='bbox 931 3624 1048 3680; x_wconf 86' lang='lat' dir='ltr'><em>justificat</em></span> <span class='ocrx_word' id='word_1_507' title='bbox 1064 3625 1160 3682; x_wconf 73' lang='lat' dir='ltr'><em>Deum,</em></span> <span class='ocrx_word' id='word_1_508' title='bbox 1180 3626 1244 3686; x_wconf 88' lang='lat' dir='ltr'><em>quia</em></span> <span class='ocrx_word' id='word_1_509' title='bbox 1261 3620 1312 3671; x_wconf 76' lang='lat' dir='ltr'><em>iacit</em></span> 
     </span>
     <span class='ocr_line' id='line_1_49' title="bbox 233 3685 1312 3750; baseline 0.013 -18"><span class='ocrx_word' id='word_1_510' title='bbox 233 3685 332 3745; x_wconf 84' lang='lat' dir='ltr'><em>tophel,</em></span> <span class='ocrx_word' id='word_1_511' title='bbox 344 3685 370 3732; x_wconf 90' lang='grc'><em>11</em></span> <span class='ocrx_word' id='word_1_512' title='bbox 380 3687 462 3733; x_wconf 79' lang='lat' dir='ltr'><em>caeleri</em></span> <span class='ocrx_word' id='word_1_513' title='bbox 475 3687 620 3737; x_wconf 88' lang='lat' dir='ltr'><em>bellantium</em></span> <span class='ocrx_word' id='word_1_514' title='bbox 634 3689 709 3736; x_wconf 90' lang='lat' dir='ltr'><em>duces</em></span> <span class='ocrx_word' id='word_1_515' title='bbox 719 3703 758 3737; x_wconf 92' lang='lat' dir='ltr'><em>se·</em></span> <span class='ocrx_word' id='word_1_516' title='bbox 783 3691 967 3750; x_wconf 74' lang='lat' dir='ltr'><em>elusiustitiam</em></span> <span class='ocrx_word' id='word_1_517' title='bbox 978 3707 985 3739; x_wconf 73' lang='grc' dir='ltr'><em>τ</em></span> <span class='ocrx_word' id='word_1_518' title='bbox 997 3694 1022 3740; x_wconf 85' lang='grc'><em>11</em></span> <span class='ocrx_word' id='word_1_519' title='bbox 1036 3692 1129 3740; x_wconf 87' lang='lat' dir='ltr'><em>bonum</em></span> <span class='ocrx_word' id='word_1_520' title='bbox 1139 3695 1182 3742; x_wconf 83' lang='lat' dir='ltr'><em>est</em></span> <span class='ocrx_word' id='word_1_521' title='bbox 1197 3697 1230 3744; x_wconf 90' lang='lat' dir='ltr'><em>ut</em></span> <span class='ocrx_word' id='word_1_522' title='bbox 1240 3692 1312 3745; x_wconf 73' lang='lat' dir='ltr'><em>mosi·</em></span> 
     </span>
     <span class='ocr_line' id='line_1_50' title="bbox 233 3752 1311 3821; baseline 0.014 -23"><span class='ocrx_word' id='word_1_523' title='bbox 233 3752 757 3817; x_wconf 74' lang='lat' dir='ltr'><em>nerunt.uscanencpnnetpespoputeum</em></span> <span class='ocrx_word' id='word_1_524' title='bbox 783 3759 843 3805; x_wconf 91' lang='lat' dir='ltr'><em>llum</em></span> <span class='ocrx_word' id='word_1_525' title='bbox 854 3760 900 3807; x_wconf 89' lang='lat' dir='ltr'><em>Dei</em></span> <span class='ocrx_word' id='word_1_526' title='bbox 910 3763 1043 3821; x_wconf 90' lang='lat' dir='ltr'><em>sequantur</em></span> <span class='ocrx_word' id='word_1_527' title='bbox 1053 3762 1186 3810; x_wconf 88' lang='lat' dir='ltr'><em>hominum</em></span> <span class='ocrx_word' id='word_1_528' title='bbox 1201 3762 1311 3820; x_wconf 59' lang='lat' dir='ltr'><em>cousibn</em></span> 
     </span>
     <span class='ocr_line' id='line_1_51' title="bbox 233 3822 1310 3895; baseline 0.011 -27"><span class='ocrx_word' id='word_1_529' title='bbox 233 3822 364 3868; x_wconf 78' lang='lat' dir='ltr'><em>Abessalon</em></span> <span class='ocrx_word' id='word_1_530' title='bbox 374 3822 490 3871; x_wconf 87' lang='lat' dir='ltr'><em>adversus</em></span> <span class='ocrx_word' id='word_1_531' title='bbox 499 3825 692 3885; x_wconf 69' lang='lat' dir='ltr'><em>Prophetarum</em></span> <span class='ocrx_word' id='word_1_532' title='bbox 702 3826 759 3874; x_wconf 88' lang='lat' dir='ltr'><em>ideo</em></span> <span class='ocrx_word' id='word_1_533' title='bbox 782 3828 840 3886; x_wconf 89' lang='lat' dir='ltr'><em>quia</em></span> <span class='ocrx_word' id='word_1_534' title='bbox 858 3828 904 3875; x_wconf 89' lang='lat' dir='ltr'><em>Dei</em></span> <span class='ocrx_word' id='word_1_535' title='bbox 923 3830 1052 3878; x_wconf 87' lang='lat' dir='ltr'><em>consilium</em></span> <span class='ocrx_word' id='word_1_536' title='bbox 1070 3832 1168 3878; x_wconf 86' lang='lat' dir='ltr'><em>certum</em></span> <span class='ocrx_word' id='word_1_537' title='bbox 1186 3844 1288 3895; x_wconf 87' lang='lat' dir='ltr'><em>semper</em></span> <span class='ocrx_word' id='word_1_538' title='bbox 1303 3844 1310 3875; x_wconf 83' lang='lat'><em>=</em></span> 
     </span>
     <span class='ocr_line' id='line_1_52' title="bbox 233 3889 1312 3959; baseline 0.01 -24"><span class='ocrx_word' id='word_1_539' title='bbox 233 3889 294 3936; x_wconf 87' lang='lat' dir='ltr'><em>dicit</em></span> <span class='ocrx_word' id='word_1_540' title='bbox 306 3892 416 3939; x_wconf 76' lang='lat' dir='ltr'><em>:Etenim</em></span> <span class='ocrx_word' id='word_1_541' title='bbox 425 3893 531 3941; x_wconf 72' lang='lat' dir='ltr'><em>redamat</em></span> <span class='ocrx_word' id='word_1_542' title='bbox 541 3896 668 3953; x_wconf 82' lang='lat' dir='ltr'><em>principes,</em></span> <span class='ocrx_word' id='word_1_543' title='bbox 682 3897 705 3942; x_wconf 88' lang='lat' dir='ltr'><em>et</em></span> <span class='ocrx_word' id='word_1_544' title='bbox 716 3897 759 3943; x_wconf 91' lang='lat' dir='ltr'><em>ad-</em></span> <span class='ocrx_word' id='word_1_545' title='bbox 783 3898 864 3944; x_wconf 87' lang='lat' dir='ltr'><em>uestra</em></span> <span class='ocrx_word' id='word_1_546' title='bbox 875 3899 959 3946; x_wconf 89' lang='lat' dir='ltr'><em>autem</em></span> <span class='ocrx_word' id='word_1_547' title='bbox 970 3899 1116 3959; x_wconf 88' lang='lat' dir='ltr'><em>plerumque</em></span> <span class='ocrx_word' id='word_1_548' title='bbox 1127 3898 1228 3950; x_wconf 82' lang='lat' dir='ltr'><em>incerta</em></span> <span class='ocrx_word' id='word_1_549' title='bbox 1237 3898 1312 3953; x_wconf 78' lang='lat' dir='ltr'><em>censi·</em></span> 
     </span>
    </p>
   </div>
   <div class='ocr_carea' id='block_1_3' title="bbox 232 3960 1215 4028">
    <p class='ocr_par' dir='ltr' id='par_1_4' title="bbox 232 3960 1215 4028">
     <span class='ocr_line' id='line_1_53' title="bbox 232 3960 1215 4028; baseline 0.012 -21"><span class='ocrx_word' id='word_1_550' title='bbox 232 3971 321 4007; x_wconf 74' lang='lat' dir='ltr'><em>morsm</em></span> <span class='ocrx_word' id='word_1_551' title='bbox 337 3973 374 4012; x_wconf 89' lang='lat' dir='ltr'><em>me</em></span> <span class='ocrx_word' id='word_1_552' title='bbox 390 3960 547 4009; x_wconf 82' lang='lat' dir='ltr'><em>detrectabant</em></span> <span class='ocrx_word' id='word_1_553' title='bbox 562 3976 571 4009; x_wconf 92' lang='grc'><em>.·</em></span> <span class='ocrx_word' id='word_1_554' title='bbox 586 3976 664 4013; x_wconf 83' lang='lat' dir='ltr'><em>serras</em></span> <span class='ocrx_word' id='word_1_555' title='bbox 679 3966 758 4012; x_wconf 86' lang='lat' dir='ltr'><em>antem</em></span> <span class='ocrx_word' id='word_1_556' title='bbox 783 3966 817 4011; x_wconf 90' lang='lat' dir='ltr'><em>lia</em></span> <span class='ocrx_word' id='word_1_557' title='bbox 828 3978 860 4013; x_wconf 84' lang='lat' dir='ltr'><em>ex</em></span> <span class='ocrx_word' id='word_1_558' title='bbox 870 3978 953 4015; x_wconf 90' lang='lat' dir='ltr'><em>rerum</em></span> <span class='ocrx_word' id='word_1_559' title='bbox 962 3967 1096 4028; x_wconf 89' lang='lat' dir='ltr'><em>probantur</em></span> <span class='ocrx_word' id='word_1_560' title='bbox 1105 3970 1215 4019; x_wconf 76' lang='lat' dir='ltr'><em>eventu.</em></span> 
     </span>
    </p>
   </div>
   <div class='ocr_carea' id='block_1_4' title="bbox 0 0 1384 4794">
    <p class='ocr_par' dir='ltr' id='par_1_5' title="bbox 0 0 1384 4794">
     <span class='ocr_line' id='line_1_54' title="bbox 0 0 1384 4794; baseline 0 0"><span class='ocrx_word' id='word_1_561' title='bbox 0 0 1384 4794; x_wconf 95' lang='lat' dir='ltr'><em> </em></span> 
     </span>
    </p>
   </div>
  </div>
 </body>
</html>
