2760 4794
262 453 310 506 iio
618 451 623 458 ·
666 457 785 506 sanem
799 445 1003 505 Aunu0811''

262 550 347 587 corun
368 537 455 588 animas
480 537 551 589 bonis
578 537 744 601 insidientur,
766 541 791 589 et
817 533 1154 600 egrountom,utamorte
1162 531 1346 599 libentium

205 640 209 647 .
263 606 453 666 cogitationibus
473 608 525 656 suis
549 608 644 668 justum
670 610 791 657 conentur
815 605 1344 667 edvium.0mnemergostntum,ioeer,

263 672 386 721 evertere.
396 674 520 722 Dicuntur
527 676 553 723 et
560 676 648 723 anime
657 688 701 735 pro
712 676 791 723 homi·
815 677 985 725 universorum
997 674 1136 723 bominum
1149 672 1344 723 infirmitutenir

262 739 345 788 nibus.
362 743 447 791 Omnes
464 746 550 791 onimoe
568 746 726 805 septuaginta,
739 756 791 803 gaon
815 757 858 792 sua
870 744 1012 792 infirmitate
1023 744 1154 792 vomuit.
1168 741 1345 804 suscepitur·

262 808 424 858 memmium
434 812 600 876 inAEgrptnm.
610 812 667 859 ideo
677 813 703 859 et
712 811 791 859 David
815 812 968 861 infirmitates
979 811 1090 859 omnium
1104 810 1138 858 in
1151 824 1200 859 sua
1212 821 1296 868 carue,
1304 818 1344 856 cre·

262 875 350 922 maiuli
367 877 413 924 ltei
431 889 458 926 eo
483 879 635 927 committere
659 879 790 939 potestati,
814 880 853 929 rit
867 893 894 928 so
911 880 939 929 in
956 891 1070 940 crucem,
1081 875 1343 928 etversavitoniu

262 953 336 1001 quam
345 944 443 993 insidiis
455 946 678 1008 inimicorum,qui
689 959 790 1007 parcere
815 948 968 997 infirmitates
979 948 1005 995 in
1016 947 1056 995 sui
1071 949 1198 1009 corporis
1208 944 1342 996 infimitati·

263 1021 308 1058 sur
319 1013 444 1061 voluntate
459 1013 592 1062 nescirent.
814 1017 885 1064 Unde
896 1016 956 1065 dicit
966 1016 1048 1064 Esaias
1059 1028 1068 1062 c
1078 1018 1175 1065 bisone
1189 1009 1246 1079 ciras
1263 1027 1303 1063 nos
1314 1025 1343 1061 ar·

294 1078 333 1125 ἃ.
345 1078 479 1140 Sequitur:
491 1083 605 1130 Dominus
615 1095 680 1143 opem
689 1081 791 1136 scratiiii
815 1089 866 1134 nati
874 1100 961 1135 minus.
970 1085 1129 1133 Habenthoe
1141 1081 1342 1143 incuterem!

261 1158 334 1206 ΝΜ
354 1149 437 1195 iccium
458 1149 544 1197 ⁶⁰1⁰?st
561 1148 610 1207 ‘itit
628 1164 637 1197 ο·
658 1150 790 1197 “divertitur
814 1154 946 1214 subjiciant
960 1155 1094 1215 iisquibm
1107 1148 1341 1215 congrediunturrt⁴

261 1217 362 1262 stretton
376 1216 426 1275 ejus
440 1219 538 1265 omneis·
552 1222 577 1264 in
586 1218 721 1276 infirmitate
730 1218 787 1274 cius.
813 1236 862 1284 que
873 1225 1006 1282 luctantur,
1013 1224 1043 1270 nt
1050 1222 1169 1283 opprimi
1179 1221 1341 1283 pomostdum·

261 1283 323 1342 Quis
335 1287 373 1334 est
383 1287 462 1334 iectus
475 1286 580 1345 doloris,
590 1286 638 1334 nisi
651 1298 707 1333 caro
719 1286 790 1333 iniir-
814 1296 870 1346 tur:
880 1295 905 1340 et
913 1293 994 1341 subito
1005 1303 1063 1340 cum
1071 1292 1197 1352 superati
1209 1289 1340 1340 afim

261 1352 371 1401 ututur
386 1355 416 1402 Et
431 1355 496 1401 bene
511 1355 591 1403 iectus
606 1354 709 1413 doloris3
731 1354 789 1414 quin
814 1363 919 1421 endunt,
931 1361 1072 1423 etquadam
1087 1364 1152 1410 nte
1166 1374 1196 1410 ω
1212 1355 1340 1418 πῃπῇ

262 1431 351 1480 corpus
362 1426 400 1470 est
405 1423 500 1479 mortis,
509 1423 539 1470 de
548 1436 596 1483 quo
604 1436 630 1471 se
637 1423 737 1470 liberari
746 1422 787 1470 de·
813 1430 941 1479 effundant
955 1431 1123 1492 superiorem.
1133 1430 1213 1480 cadit
1223 1430 1268 1491 qui
1276 1428 1339 1491 parta·

262 1490 380 1548 precatur
400 1491 542 1549 Apostolum
564 1490 592 1537 ut
612 1493 736 1550 tamquam
757 1490 788 1537 de
813 1501 894 1561 patus,
906 1498 1152 1561 etpgquipoptabat,
1164 1496 1339 1561 superinfun-

262 1557 359 1604 tumuio
379 1557 485 1616 quodrm
505 1558 583 1618 poenit
602 1558 745 1618 adsurgere,
761 1559 788 1604 in
812 1569 895 1629 nitur,
915 1570 943 1617 up
965 1570 1060 1617 ,gemat
1076 1570 1233 1628 urgentem,
1250 1559 1338 1627 spffl

262 1635 311 1684 quo
319 1636 381 1684 &m
391 1630 457 1681 lacet
468 1637 565 1687 amma,
575 1625 788 1686 etqilffliqiffldam
813 1638 895 1697 itaque
911 1637 1022 1698 palaegtm
1039 1636 1174 1685 Domum
1193 1637 1267 1684 Joem
1281 1634 1338 1681 m

263 1691 389 1740 decumbit
404 1692 430 1740 in
445 1694 545 1741 lectulo.
561 1695 732 1755 Symmachus,
743 1696 788 1742 icc·
812 1709 894 1755 nostra
914 1707 1051 1767 suscipiens
1072 1705 1099 1753 111
1126 1705 1179 1753 ma
1193 1717 1222 1753 ω
1240 1698 1339 1765 puin*

263 1762 313 1808 tum
329 1762 440 1819 ”iiittioes
456 1761 538 1809 ἆῑῐῑῒῑ
551 1762 650 1821 Aquilia
664 1765 788 1824 maiatum
812 1786 862 1821 suae
878 1773 1046 1833 congressione
1057 1772 1192 1834 subiecit3
1206 1773 1233 1820 et
1246 1772 1273 1819 iu
1286 1767 1339 1817 irfi-

262 1831 379 1878 ”ifim'ffli
395 1831 708 1892 expressius-septinginta
723 1834 787 1892 Viris
813 1843 905 1892 mitatis
915 1843 998 1904 specie
1007 1876 1015 1903 ,
1024 1843 1054 1891 ut
1065 1854 1127 1890 eum
1139 1837 1339 1890 adversarius*

262 1899 346 1947 tectum
361 1901 446 1948 doloris
451 1933 460 1958 ,
475 1902 624 1960 putaverunt
638 1914 691 1950 esse
703 1902 788 1949 dicen·
811 1913 903 1959 minem
913 1924 998 1972 parem
1014 1909 1112 1959 ceteris
1121 1909 1272 1969 judiearet,
1281 1901 1338 1968 qus!

261 1967 331 2016 dum.
343 1969 387 2016 iiis
398 1982 454 2030 ergo
470 1971 601 2019 versiculis
616 1971 735 2018 utendum
752 1975 788 2019 est
812 1979 884 2027 facite
914 1982 995 2040 posset
1021 1979 1190 2040 opprimere,
1207 1971 1339 2025 'diviniffl

261 2037 327 2097 npud
338 2050 392 2096 eos,
409 2038 452 2099 qui
467 2038 561 2086 diutius
575 2039 717 2087 infirmitate
735 2054 788 2088 cor·
812 2059 877 2094 arma
889 2047 1003 2108 deposuit
1013 2046 1187 2094 humanitatis
1201 2038 1338 2106 tegmenri

262 2106 329 2165 poris
339 2104 497 2167 detinentur3
514 2107 542 2154 ut
558 2107 667 2156 habeant
686 2108 788 2156 medici·
811 2116 906 2164 sumsit.
921 2116 1024 2164 secum
1038 2113 1158 2163 vietoriae
1179 2112 1337 2175 propium·

261 2185 319 2221 nam
336 2172 396 2233 Dei,
421 2186 470 2235 quo
491 2175 544 2222 suni
566 2186 619 2223 esse
638 2178 786 2225 mereantur.
812 2185 984 2232 tatoraceessit
995 2199 1002 2230 ς
1015 2184 1119 2231 incestu
1130 2176 1337 2232 eumteiomiiih't

261 2242 351 2292 Lectus
372 2255 429 2302 ergo
447 2244 534 2292 anime
549 2256 605 2292 caro
621 2245 717 2294 intirma
735 2249 786 2308 est,
811 2253 889 2300 voluit
896 2255 1036 2312 vulnerare,
1043 2252 1170 2311 reputans
1179 2252 1208 2300 et
1216 2244 1337 2300 huncdcd

261 2311 333 2370 cuius
346 2313 485 2372 egritudini
497 2314 578 2361 anima
592 2317 674 2362 nostra
690 2328 787 2376 compa-
811 2320 886 2367 Adam
904 2332 949 2380 per
960 2314 1050 2367 costam
1065 2330 1140 2379 posse
1153 2317 1290 2379 prosterni·
1299 2312 1336 2362 Sti

260 2380 334 2442 titur,
346 2395 400 2441 quae
416 2382 437 2429 si
450 2382 539 2429 haheat
554 2382 690 2440 adiutorem
705 2386 787 2433 Domi·
811 2389 953 2437 vuineratus
963 2389 1041 2436 intere
1052 2387 1183 2447 Dominus
1191 2389 1265 2436 iesus
1274 2384 1336 2433 nun

260 2461 331 2508 num,
342 2448 402 2497 dicit
413 2449 450 2496 ei:
461 2453 547 2510 Surge,
559 2452 786 2510 mlichanosmeson,
811 2457 926 2517 produxit
943 2470 959 2506 e
978 2459 1100 2516 vulnero,
1118 2455 1261 2504 evacuavit
1278 2460 1336 2502 omi

260 2521 350 2566 etvode
358 2521 383 2566 in
392 2520 486 2566 domam
497 2522 571 2566 tuom.
579 2520 632 2577 Quo
641 2521 786 2571 confortatus
810 2527 953 2586 peccatum,
975 2525 1066 2584 deiecit
1090 2523 1283 2581 adversarium,
1303 2517 1336 2568 cni

260 2584 307 2630 liei
315 2586 391 2632 verbo
402 2586 445 2644 qui
458 2599 521 2645 aeger
530 2586 590 2644 erat,
599 2588 676 2647 surgit
687 2589 713 2635 et
722 2592 787 2639 tollit
810 2595 914 2641 mortem
938 2595 1040 2643 latronis
1065 2591 1180 2652 eripuit3
1207 2593 1235 2640 et
1259 2591 1285 2639 iu
1302 2587 1337 2634 ilii

261 2652 353 2699 loetum
361 2665 432 2700 suum
444 2653 470 2699 in
481 2667 528 2713 quo
537 2654 645 2713 jacebat,
653 2655 678 2702 et
688 2657 753 2704 redii
760 2660 786 2706 in
810 2665 903 2722 morte,
921 2663 948 2710 in
966 2664 1009 2710 iliu
1027 2660 1064 2709 sui
1089 2661 1208 2722 corporis
1223 2659 1337 2721 sepulturi

259 2721 349 2770 statum
361 2721 491 2782 pristinum
507 2724 626 2771 sanitatis.
645 2725 696 2772 Hoc
713 2727 749 2774 est
760 2729 786 2776 in
811 2743 866 2777 cum
878 2731 1043 2780 aestimaretur
1051 2741 1200 2791 oppressus,
1218 2730 1337 2777 eiisussnr

261 2789 360 2837 domum
370 2802 438 2837 suam
450 2790 556 2850 regredi,
567 2792 596 2839 ut
603 2791 698 2839 habitet
710 2794 735 2840 in
743 2796 786 2843 do-
810 2800 935 2848 sevirtutc
944 2800 1066 2848 versavit:
1077 2798 1174 2846 cecidit
1182 2795 1336 2854 adversarius,

259 2859 356 2907 miciiio
375 2860 547 2907 robustissimae
565 2861 720 2910 valetudinis.
738 2866 785 2923 Qui
810 2869 928 2918 Dominus
945 2867 1090 2917 resurrexit.

259 2928 369 2989 habitat,
380 2929 455 2990 regii,
467 2931 510 2989 qui
525 2930 589 2991 regit
599 2931 697 2978 virtutis
711 2933 786 2981 habet
840 2937 878 2985 ii.
890 2938 1006 2999 sequitur
1018 2951 1024 2984 s
1036 2938 1086 2996 Ego
1094 2936 1150 2982 diui
1157 2949 1168 2983 .·
1176 2934 1338 2996 beniami-

259 2998 307 3045 sibi
327 2999 428 3060 grutiam
454 3000 632 3060 suffragantem.
647 3001 695 3048 Sed
712 3002 785 3050 etiam
809 3010 1032 3055 sereremeicsona
1049 3007 1160 3053 animam
1179 3018 1278 3063 meum,
1293 3003 1339 3064 prii
1371 3062 1374 3071 Ι

259 3067 361 3115 stratum
369 3079 465 3115 omnem
474 3067 555 3115 versat
564 3067 786 3118 Dominusininiir·
809 3077 901 3134 peccans·
910 3076 959 3123 tibi.
976 3073 1059 3123 Potest
1069 3073 1095 3120 et
1106 3083 1140 3121 ex
1157 3085 1271 3136 persona
1284 3069 1340 3132 regii

259 3136 346 3186 mitate
355 3136 509 3197 languentis,
520 3136 560 3183 cui
568 3137 651 3184 adesse
663 3137 784 3198 dignatur.
810 3143 888 3191 David
903 3143 949 3191 hoc
961 3141 1088 3203 dici,qui
1104 3140 1201 3189 videns
1215 3141 1244 3189 in
1259 3141 1341 3202 spiritu

258 3206 329 3264 Quod
345 3206 471 3265 versatur,
486 3204 576 3253 statum
591 3206 683 3265 mutat,
701 3210 743 3255 aut
754 3223 785 3256 ex
810 3210 902 3257 tantam
918 3209 1048 3256 victoriam
1066 3208 1093 3255 et
1111 3207 1223 3266 gratiam
1241 3205 1340 3264 Christi,

259 3274 365 3321 sanitate
378 3275 404 3320 in
421 3274 608 3334 egritudinem,
620 3276 662 3322 aut
672 3288 704 3322 ex
715 3279 786 3337 aegri·
810 3277 873 3334 petit
887 3275 955 3324 utin
971 3277 1014 3324 iila
1032 3272 1210 3323 remissionem
1231 3275 1341 3336 peccato·

258 3339 345 3387 tudine
358 3340 389 3385 ad
396 3339 533 3387 sanitatem.
542 3340 587 3386 Hic
595 3353 650 3399 ergo
661 3342 703 3402 qui
712 3356 786 3403 aegro-
809 3356 864 3390 rum
877 3344 986 3392 omnium
1002 3345 1027 3392 et
1036 3342 1075 3392 sui
1090 3343 1268 3408 misereatur3
1287 3354 1341 3406 quo·

258 3407 297 3455 tat
306 3440 314 3466 ,
323 3408 405 3455 versat
415 3419 442 3453 se
453 3406 484 3454 ad
493 3407 630 3454 remedium
636 3411 754 3458 sanitatis.
810 3411 876 3458 niam
884 3412 955 3473 ipse,
969 3411 1017 3459 etsi
1027 3409 1123 3471 legibus
1131 3411 1210 3472 quasi
1224 3422 1290 3472 rex,
1298 3420 1342 3458 nou

290 3475 329 3522 ie.
340 3475 445 3533 sicergo
456 3475 661 3536 Dominuslesus,
673 3478 719 3526 etsi
730 3481 785 3528 vui-
809 3477 938 3525 teneretur
948 3478 1075 3536 humanis,
1091 3477 1145 3523 Deo
1162 3477 1255 3525 tamen
1271 3478 1342 3525 obuo-

258 3543 361 3592 ncrutus
383 3545 422 3590 est
444 3543 544 3603 propter
569 3546 668 3602 peccata
689 3549 784 3609 nostra,
810 3545 880 3591 rium
891 3557 917 3593 se
928 3543 1090 3607 propeccatis
1105 3541 1157 3590 suis
1176 3556 1234 3593 esse
1245 3556 1342 3606 emos-

258 3611 342 3660 samen
352 3623 401 3658 non
409 3611 485 3659 iniria
493 3611 633 3660 summitate
641 3618 784 3679 permansis
810 3608 1343 3672 crt.conflteturergopeccatumsuum;n

259 3679 304 3728 sed
321 3691 348 3726 se
361 3681 416 3741 ipse
426 3679 535 3728 versavit
550 3680 575 3728 in
587 3682 675 3730 meiius
686 3683 716 3730 ad
728 3686 785 3732 uni·
809 3678 914 3738 accipiat
926 3679 1108 3738 remissionem,
1123 3676 1150 3725 θῒ
1165 3681 1299 3737 benetalis
1307 3680 1343 3728 5¹¹·

259 3761 389 3799 versorum
406 3749 520 3798 salutem.
531 3748 616 3811 itaque
627 3752 738 3812 passione
748 3754 785 3803 in.
809 3745 941 3811 dulgentiae
948 3762 1038 3798 munus
1046 3746 1167 3796 inveniat.
1179 3749 1269 3797 Potest
1280 3751 1343 3798 etex

259 3818 361 3866 firmitas
370 3819 407 3866 est
418 3820 510 3878 soluta,
521 3832 586 3867 mors
595 3823 782 3871 resurreetione.
808 3830 912 3880 persone
934 3818 1065 3868 salvatoris
1079 3816 1128 3863 hoc
1148 3819 1284 3879 exprimi,
1303 3817 1342 3880 gui

258 3887 328 3936 Sicut
339 3899 396 3948 ergo
412 3899 438 3935 se
456 3886 510 3947 ipse
520 3888 628 3936 versavit
637 3890 667 3937 ad
681 3891 784 3950 populo-
807 3890 879 3938 uobis
892 3887 1085 3937 misericordiam
1106 3885 1154 3932 Dei
1174 3888 1304 3949 postulat,
1320 3886 1343 3935 ei

258 3969 313 4004 rum
325 3954 501 4003 redemtionem
510 3989 519 4016 ,
528 3968 574 4004 nec
583 3957 660 4004 sensit
671 3958 784 4007 aculeum
808 3970 922 4018 peccasse
931 3971 958 4006 se
969 3956 1043 4018 dixit,
1050 3956 1108 4016 quia
1117 3958 1249 4017 pronobis
1257 3969 1343 4020 pecer-

259 4021 345 4072 mortls
361 4023 403 4071 aut
416 4024 528 4072 vulneris
538 4023 705 4072 infirmitatem
725 4038 732 4072 τ
748 4027 783 4074 sic
808 4028 860 4074 tum
872 4025 951 4074 iactus
962 4025 1008 4074 est.
1019 4025 1096 4073 simui
1104 4037 1150 4074 nos
1156 4024 1245 4088 docet,
1253 4029 1342 4077 cumin

258 4104 315 4143 cum
337 4092 381 4155 qui
400 4092 427 4143 in
445 4103 473 4143 sc
494 4091 590 4156 credit,
609 4092 784 4155 etsigraniter
809 4094 893 4157 aiipuo
912 4105 995 4144 sumus
1016 4093 1133 4145 adversus
1156 4093 1279 4147 inimicos
1299 4093 1342 4144 uei
