2760 4794
141 371 189 420 268
533 366 653 414 suncti
667 366 826 413 ΑΙΒΒΟΜΙ

174 454 199 502 8.
214 450 312 500 'tertius
322 461 407 499 sersus
418 450 456 499 est
466 462 474 498 c
486 451 584 511 Superbi
593 452 671 510 inique
698 449 823 498 dicentem
834 461 841 496 a
852 447 959 511 superbo
969 445 1060 506 uuio,
1072 448 1097 494 ct
1116 446 1216 496 mua

145 522 245 584 opetum
253 521 323 567 niueis
332 534 340 565 .·
349 534 365 567 a
379 521 425 580 lcqc
437 523 515 568 aulem
525 521 566 566 tua
576 531 624 565 stou
634 519 672 564 de-
697 521 773 577 coris,
784 519 944 567 cumbum
954 516 1071 565 οὼὸαπι.

145 593 238 639 uincet.
251 587 556 648 llarimnmpeccatumin
572 585 673 651 nominc
728 589 766 635 te.
780 589 864 648 ltaque
879 587 1000 648 qnoniam
1019 583 1218 645 quantavismi

145 657 263 718 superbia
274 658 324 711 est;
335 657 433 716 qnando
441 657 540 718 quidem
553 655 611 702 inde
619 666 672 701 nta-
699 657 725 703 tn
732 657 848 718 superbia
855 656 929 715 esset,
936 652 1220 715 expresserat3qtunat·

144 727 215 773 navit
224 725 301 772 nostri
314 725 381 785 oriqo
398 725 492 773 delicti.
503 726 554 771 lloc
569 724 619 771 telo
629 735 673 770 nos
698 725 797 772 modum
811 724 955 774 vinceretur
966 721 1067 770 debuit
1077 734 1125 769 nos
1140 721 1220 769 decen

145 793 254 851 primum
272 793 383 840 diabolus
400 793 554 851 vulneravit,
574 792 599 839 et
617 803 673 851 per-
698 792 1010 854 meritnqnequasibonus
1028 790 1222 838 doctordeneu·

146 861 217 908 calit.
228 862 288 907 Nam
298 862 345 908 nisi
358 861 430 908 home
438 861 559 921 serpentis
572 871 673 920 persua·
698 863 747 909 irat
756 861 910 920 remedium,
925 861 974 921 qtri
986 859 1159 920 exaggeravit
1168 870 1222 906 ress·

146 930 215 978 sione
226 929 343 989 deceptus
358 930 422 977 sicut
432 932 498 979 Deus
511 942 564 977 esse
581 928 674 976 volnis-
699 942 766 977 num.
773 929 837 977 Audi
843 941 901 989 erqo
907 928 1040 990 quomodo
1046 927 1170 975 excludas
1176 928 1222 976 viru

146 999 197 1058 set,
216 1000 243 1046 et
257 1011 344 1047 verum
364 998 499 1060 tabemque
515 1009 673 1059 cornescere,
699 998 821 1058 superbia
831 1011 838 1044 ε
849 1002 872 1047 Α
881 1000 957 1059 bcqc,
969 996 1077 1057 inquit,
1088 1000 1187 1045 tunnas
1196 997 1224 1045 te

146 1068 213 1130 quod
225 1069 324 1129 penitus
335 1069 475 1116 discernere
486 1067 674 1126 liunanatraqi·
698 1068 791 1116 uincet.
806 1068 858 1114 Lex
875 1066 954 1127 lqitur
969 1065 1021 1113 Dei
1040 1066 1099 1112 sola
1115 1065 1224 1126 potestte·

145 1137 219 1186 litate
226 1150 275 1184 non
283 1138 392 1198 peterat3
402 1137 506 1197 ideoque
514 1136 579 1196 quod
588 1147 672 1196 seque·
699 1135 792 1195 perbias
801 1135 870 1184 virus
879 1135 1016 1194 hebetare,
1027 1146 1092 1194 quae
1103 1135 1225 1185 iniermrt

147 1209 216 1256 retur
227 1209 367 1266 acceperat,
385 1220 418 1255 ne
430 1206 560 1255 temeraria
570 1217 673 1264 usurpa-
699 1202 781 1250 virum
791 1203 915 1251 devotioni
926 1202 1069 1260 deditum,
1086 1199 1189 1263 qusti‘se
1198 1216 1225 1254 rr·

146 1276 252 1324 uoncdc
263 1277 306 1324 illa
316 1275 422 1336 paradisi
437 1275 558 1322 iellcitate
573 1274 674 1322 decide·
699 1283 756 1329 gere
767 1271 856 1320 debeat
869 1271 998 1319 cautione.
1013 1272 1094 1319 llnlti
1110 1273 1176 1320 enim
1192 1286 1226 1323 ιι

147 1345 475 1406 retznisi,lnquam,bemo
490 1346 601 1392 sulsnon
616 1355 674 1390 con-
699 1341 778 1387 solum
803 1341 879 1389 client
901 1339 1005 1400 atide,
1033 1341 1085 1390 sed
1102 1342 1225 1406 etiamqu'

147 1415 230 1463 tentus
247 1415 337 1462 tinibus
357 1414 490 1464 interdicta
512 1413 673 1473 temerasset,
700 1409 815 1457 ridentur
833 1422 882 1457 non
898 1408 1044 1456 mediocria
1062 1410 1226 1472 Scriptum

146 1495 282 1544 numquam
292 1482 542 1545 iemliscntpaeadnos
550 1483 675 1532 transisset
700 1480 822 1538 precepta
837 1479 962 1539 gustasse,
979 1479 1081 1526 tentari
1095 1481 1176 1530 solent
1187 1494 1227 1542 pn·

149 1553 288 1602 baereffitns.
304 1553 335 1600 Et
346 1554 408 1615 qnid
421 1553 452 1601 de
468 1553 568 1600 homine
579 1548 675 1599 dicanti
701 1548 778 1608 speris
787 1549 946 1609 superborum
964 1549 1227 1607 processibuszrid*

148 1623 204 1682 lpse
223 1621 333 1669 diabolus
353 1633 399 1681 per
420 1620 561 1681 superbiam
581 1622 676 1667 naturas
701 1619 790 1665 teseos
803 1617 846 1678 qni
861 1615 1068 1676 prevaricantur
1084 1618 1181 1680 legem,
1195 1621 1228 1669 tn-

148 1689 529 1749 suasatuisitgratiam.1)enique
539 1688 675 1735 dumdlcit:
701 1685 799 1745 pietatis
814 1685 934 1743 arbitros,
951 1686 1124 1746 emanantes,
1138 1689 1228 1738 canu*

148 1760 435 1807 Poncmtltroaummeuns
440 1758 677 1820 superantes...etcro
701 1756 766 1804 teres
775 1754 901 1813 fidelium,
912 1754 1077 1805 extollentes
1092 1770 1122 1805 se
1132 1758 1229 1809 adrem

147 1829 229 1877 similis
239 1829 371 1888 Alttssim03
384 1827 512 1875 consortiis
522 1827 617 1875 excidit
626 1829 676 1874 An-
702 1836 743 1872 eos
762 1825 806 1885 qui
824 1822 958 1871 bumiliant
979 1837 1028 1872 cor
1061 1838 1140 1874 snum
1160 1841 1229 1878 m

148 1896 258 1955 pelorum
268 1910 276 1943 s
285 1897 355 1956 cujus
362 1896 471 1945 criminis
482 1896 555 1956 digna
563 1897 676 1944 mercede
701 1892 760 1939 dum
768 1893 881 1940 timerem
891 1891 976 1939 Dciet
984 1897 1124 1954 praecepta
1129 1899 1229 1958 coetoetts,
1262 1886 1264 1907 ²

149 1963 292 2014 damnatus.
313 1963 440 2011 lteminem
461 1963 511 2012 sibi
531 1965 676 2024 participem
701 1961 825 2008 abundare
834 1960 859 2007 in
870 1960 916 2007 boc
924 1961 1023 2007 seculo
1034 1960 1230 2025 diviuinpmu·

149 2031 295 2093 requisivit,
325 2033 351 2079 in
368 2045 445 2093 quem
459 2032 607 2081 consortium
625 2047 676 2082 sue
701 2027 1229 2095 ntononorisuupueuaunuueuqssqa

150 2102 332 2150 transfunderet
340 2103 448 2152 edensae.
701 2098 812 2158 gravina
821 2096 1009 2156 commiserint,
1021 2100 1230 2151 ooadtluentinnt

179 2171 204 2221 9.
211 2170 357 2230 Quidiqitur
364 2171 411 2218 ltoc
421 2171 521 2232 peccate
532 2171 675 2232 potestesse
701 2179 826 2216 successus
836 2165 1027 2215 commodorum
1039 2171 1194 2220 saecularium
1202 2185 1230 2221 se

150 2239 275 2300 deterius,
292 2238 358 2300 quod
378 2251 393 2286 a
413 2240 459 2287 Dei
477 2241 554 2300 cosptt
570 2239 677 2298 injuriat
701 2237 807 2284 candace
828 2249 836 2281 ε
857 2235 944 2282 centra
963 2237 1058 2284 autem
1079 2239 1162 2297 iustos
1179 2242 1230 2290 ritu

151 2309 258 2368 ldeoque
275 2308 402 2368 Scriptura
416 2308 478 2356 dicit
489 2322 496 2356 s
507 2312 623 2358 Domitius
636 2324 676 2358 su-
702 2306 848 2365 plerumque
858 2303 970 2351 laborare
990 2304 1084 2367 inopia
1093 2342 1102 2367 ,
1110 2311 1229 2359 amissiuti·

148 2378 227 2438 pieriis
246 2379 339 2426 resistit.
350 2378 541 2437 'tamqnamsuae
551 2380 678 2426 contume-
702 2375 748 2421 bus
762 2372 882 2430 tiliorum,
898 2371 1085 2424 sterilitatibus
1096 2379 1228 2440 conium

150 2445 677 2506 liseprepulsater,velutiquoddamsuscepit
702 2454 750 2502 quo
771 2441 889 2500 exagitati
910 2440 985 2500 atque
1007 2442 1127 2507 turbati,
1147 2459 1229 2497 sensu

151 2511 268 2559 adversus
276 2511 415 2570 superbiam
425 2512 532 2571 speciale
543 2515 676 2573 certamem
702 2508 791 2557 mentis
802 2508 938 2567 inclinent,
949 2509 978 2556 ut
989 2512 1091 2570 putent
1101 2516 1149 2562 Dei
1162 2517 1186 2563 in
1194 2517 1230 2564 lter

151 2580 276 2637 tamquam
291 2579 357 2625 dicat
368 2592 375 2623 ε
387 2580 454 2624 ttteus
464 2580 510 2625 iste
525 2580 678 2630 adversarius
703 2577 878 2638 quodammodo
889 2585 971 2624 errare
980 2578 1118 2636 iudicium
1129 2597 1189 2633 :nen
1200 2589 1229 2633 tc·

153 2646 204 2702 est,
215 2645 256 2704 qai
270 2657 310 2691 me
322 2645 433 2702 lacessit,
443 2645 505 2690 mitti
517 2645 621 2694 debetur
632 2649 677 2696 ista
704 2647 790 2694 nentes
810 2645 884 2704 caput
896 2645 1029 2707 veritatis,
1043 2663 1096 2709 quo
1113 2653 1230 2701 evidentis

153 2712 300 2771 congressio.
319 2713 389 2760 Unde
408 2714 434 2760 et
453 2714 580 2772 Apostolus
593 2719 678 2764 tuitii·
703 2715 764 2761 sime
783 2713 1004 2771 comprehenditur
1021 2729 1078 2777 non
1095 2720 1124 2767 in
1142 2722 1229 2769 hocs*

152 2781 224 2840 plicis
240 2782 317 2840 culpa
329 2781 456 2828 materiam
470 2794 523 2830 esse
539 2785 677 2843 superbiam
704 2780 768 2838 culo,
779 2779 820 2826 sed
829 2778 1230 2838 intuturorepositamnostrorun

152 2852 286 2899 declaravit
297 2884 305 2910 ,
318 2851 403 2899 dicens
420 2852 450 2899 de
462 2851 577 2899 haeretice
595 2866 602 2899 ε
617 2856 678 2914 Quia
703 2848 928 2896 remunerationem
939 2861 992 2896 esse
1006 2853 1172 2903 meritorum.

152 2922 174 2968 ci
183 2934 235 2981 quoe
250 2922 375 2969 secundnm
390 2922 499 2980 pietatem
508 2923 556 2978 est,
568 2923 678 2969 doctrine
734 2916 827 2962 Ηιὸθᾱ
834 2928 967 2975 paucorum
974 2917 1015 2963 est
1026 2919 1100 2968 istud
1107 2923 1229 2971 advertere.

152 3002 200 3036 uun
211 2990 335 3049 adquiescit
345 3003 354 3035 .·
363 2989 465 3049 superbit
473 2987 532 3035 nibil
543 2991 628 3046 scinu,
640 2991 678 3036 sed
703 2982 814 3042 Denique
825 2982 852 3028 in
862 2983 993 3042 principiis
1004 2986 1091 3035 etiam
1104 2991 1181 3039 David
1190 2991 1230 3051 ipss

152 3061 300 3120 tunqucsccns
319 3059 382 3105 circa
398 3059 533 3117 questiones
548 3059 570 3104 ct
588 3070 679 3118 puqnes
704 3053 812 3099 ictuatus
830 3052 882 3109 est;
903 3051 967 3100 sicut
988 3053 1076 3103 babes
1096 3060 1230 3119 scriptun:

51 3130 53 3134 ’
152 3128 284 3185 cuborum,
303 3140 333 3174 eu
350 3127 432 3187 quibus
447 3127 555 3172 oriuntur
574 3127 678 3184 invidie,
703 3124 762 3169 Ecce
783 3122 828 3182 ipsi
842 3125 972 3181 peccatores
998 3126 1024 3170 ct
1051 3127 1231 3178 abundantem

151 3195 679 3254 contentionensacrileqiu,suspicionesmutu,
703 3192 785 3238 soeculo
809 3190 958 3237 obtinuerunt
975 3192 1093 3252 diuitiae,
1120 3200 1144 3245 et
1167 3199 1232 3246 ds'ci:

152 3267 332 3323 conflictationes
343 3265 462 3311 bominum
477 3265 552 3310 incute
562 3266 680 3323 corrupto·
707 3261 823 3319 Numquid
830 3260 955 3306 sinecnusa
962 3259 1100 3320 justificavi
1110 3280 1233 3322 corinun,

152 3344 216 3388 reim,
229 3335 250 3378 et
261 3333 380 3378 cessitate
391 3333 534 3389 alienorum,
545 3335 681 3380 existimau-
705 3332 725 3377 et
736 3330 783 3377 lusi
797 3331 857 3376 iuter
874 3330 1005 3378 innocentes
1015 3345 1113 3383 munus
1129 3350 1206 3394 meus,
1217 3338 1234 3382 ct

154 3399 212 3443 tium
224 3400 337 3456 quoestum
347 3411 393 3444 esse
402 3399 519 3457 pietatem.
531 3399 680 3455 Quantulum
706 3399 741 3458 sui
750 3398 879 3458 tluqellctus
889 3400 938 3445 totu
945 3398 1000 3445 die?
1011 3400 1054 3447 lta
1066 3402 1149 3463 igitur
1157 3407 1182 3453 et
1190 3416 1235 3452 nes·

154 3464 237 3522 itaque
255 3465 378 3523 expressit
395 3477 492 3512 causam
508 3478 561 3513 esse
578 3467 681 3515 delicto-
706 3468 771 3514 tnun
785 3465 974 3526 unusquisque,
994 3469 1043 3527 qui
1068 3473 1181 3531 perfecti
1195 3484 1235 3520 noa

153 3544 208 3577 rum
221 3532 360 3592 superbiam
369 3532 456 3580 illude
467 3534 546 3582 David
557 3549 681 3585 commen·
706 3548 802 3593 snmus,
814 3535 867 3582 ltaec
880 3536 968 3584 videns
979 3537 1045 3585 dicit
1058 3553 1065 3586 ε
1080 3542 1131 3589 Ubi
1143 3544 1181 3591 est
1189 3555 1236 3604 pre·

154 3599 212 3647 dare
223 3602 308 3648 volens
319 3601 472 3650 devotionem
485 3616 552 3651 suam
563 3607 630 3653 nulla
642 3621 681 3654 su·
706 3604 816 3652 videntia
823 3604 880 3663 Dei,
890 3605 933 3651 ubi
938 3605 1236 3670 justitiatSuperbusislr

154 3668 286 3728 perborum
307 3668 437 3729 iniquitate
449 3670 598 3719 adtentatam
607 3706 615 3733 ,
625 3675 660 3722 ait
672 3689 679 3722 ι
705 3673 820 3731 abundat,
831 3685 943 3732 arrogans
950 3673 998 3720 iste
1005 3674 1191 3742 locupletatur,
1199 3681 1238 3727 im·

154 3737 253 3797 Superbi
273 3737 350 3796 inique
365 3738 465 3798 cqcbcnt
480 3743 558 3789 nimis.
573 3742 625 3788 Non
641 3756 680 3790 so-
705 3742 761 3801 pius
778 3741 824 3788 iste
840 3742 927 3789 beatus
941 3742 1071 3800 etpotcns
1088 3750 1129 3796 est
1145 3749 1239 3808 :justas

154 3806 207 3851 lum
226 3804 380 3863 iniquitatem
397 3808 535 3868 agentium,
551 3809 680 3859 sedetiam
705 3811 785 3857 autem
807 3810 864 3870 ille,
875 3810 1240 3877 videsquemadmodumjsost

155 3874 255 3921 nimiam
266 3872 422 3933 iniquitatem
436 3876 528 3934 pariter
538 3877 680 3937 declaravit,
705 3879 891 3939 deiectusatque
901 3879 1020 3938 deiectus,
1029 3886 1240 3940 quemadmodum

154 3955 209 4000 quae
228 3942 370 3990 conveniret
385 3943 515 4003 superbis:
527 3958 629 4005 quornm
648 3960 680 3995 ne
705 3947 757 4007 ipso
768 3948 838 3994 victu
855 3948 950 4009 indiget
965 3961 972 3993 τ
987 3948 1105 4000 allicitur
1117 3956 1242 4004 contume-

155 4011 237 4072 aliquo
252 4011 388 4060 tentaretur
406 4011 531 4074 contagio,
546 4015 603 4062 audi
620 4016 679 4064 alibi
705 4017 784 4064 liisab
796 4017 842 4064 isto
853 4017 928 4078 impio
949 4018 980 4065 ab
987 4017 1035 4066 isto
1046 4020 1181 4073 insolente
1190 4022 1243 4074 con·
