<?xml version="1.0" encoding="UTF-8"?>
<!DOCTYPE html PUBLIC "-//W3C//DTD XHTML 1.0 Transitional//EN"
    "http://www.w3.org/TR/xhtml1/DTD/xhtml1-transitional.dtd">
<html xmlns="http://www.w3.org/1999/xhtml" xml:lang="en" lang="en">
 <head>
  <title>
</title>
<meta http-equiv="Content-Type" content="text/html;charset=utf-8" />
  <meta name='ocr-system' content='tesseract 3.04.00' />
  <meta name='ocr-capabilities' content='ocr_page ocr_carea ocr_par ocr_line ocrx_word'/>
</head>
<body>
  <div class='ocr_page' id='page_1' title='image "./operaomnia00ambrgoog_0075.png"; bbox 0 0 2760 4794; ppageno 0'>
   <div class='ocr_carea' id='block_1_1' title="bbox 254 429 949 477">
    <p class='ocr_par' dir='ltr' id='par_1_1' title="bbox 254 429 949 477">
     <span class='ocr_line' id='line_1_1' title="bbox 254 429 949 477; baseline 0.003 -3"><span class='ocrx_word' id='word_1_1' title='bbox 254 429 284 475; x_wconf 73' lang='grc'>62</span> <span class='ocrx_word' id='word_1_2' title='bbox 648 430 769 477; x_wconf 71' lang='lat' dir='ltr'>seueri</span> <span class='ocrx_word' id='word_1_3' title='bbox 787 429 949 476; x_wconf 74' lang='lat' dir='ltr'>AMBROSH</span> 
     </span>
    </p>
   </div>
   <div class='ocr_carea' id='block_1_2' title="bbox 190 506 1341 4150">
    <p class='ocr_par' dir='ltr' id='par_1_2' title="bbox 190 506 1341 4150">
     <span class='ocr_line' id='line_1_2' title="bbox 252 506 1340 576; baseline 0.008 -18"><span class='ocrx_word' id='word_1_4' title='bbox 252 510 327 572; x_wconf 86' lang='lat' dir='ltr'>lloysi</span> <span class='ocrx_word' id='word_1_5' title='bbox 335 511 441 559; x_wconf 88' lang='lat' dir='ltr'>bominis</span> <span class='ocrx_word' id='word_1_6' title='bbox 449 513 494 559; x_wconf 86' lang='lat' dir='ltr'>Dei</span> <span class='ocrx_word' id='word_1_7' title='bbox 503 512 627 573; x_wconf 88' lang='lat' dir='ltr'>maluerit,</span> <span class='ocrx_word' id='word_1_8' title='bbox 634 526 707 574; x_wconf 81' lang='lat' dir='ltr'>qnam</span> <span class='ocrx_word' id='word_1_9' title='bbox 716 511 780 560; x_wconf 85' lang='lat' dir='ltr'>servi</span> <span class='ocrx_word' id='word_1_10' title='bbox 808 513 906 561; x_wconf 73' lang='lat' dir='ltr'>stema</span> <span class='ocrx_word' id='word_1_11' title='bbox 924 514 1067 563; x_wconf 86' lang='lat' dir='ltr'>alimoniam</span> <span class='ocrx_word' id='word_1_12' title='bbox 1078 514 1253 576; x_wconf 71' lang='lat' dir='ltr'>denegarunt.</span> <span class='ocrx_word' id='word_1_13' title='bbox 1263 506 1340 568; x_wconf 76' lang='lat' dir='ltr'>Palae</span> 
     </span>
     <span class='ocr_line' id='line_1_3' title="bbox 252 581 1341 647; baseline 0.01 -22"><span class='ocrx_word' id='word_1_14' title='bbox 252 581 349 628; x_wconf 84' lang='lat' dir='ltr'>Domini</span> <span class='ocrx_word' id='word_1_15' title='bbox 362 581 386 627; x_wconf 93' lang='lat' dir='ltr'>in</span> <span class='ocrx_word' id='word_1_16' title='bbox 396 583 529 641; x_wconf 87' lang='lat' dir='ltr'>posteriorc</span> <span class='ocrx_word' id='word_1_17' title='bbox 539 583 611 629; x_wconf 86' lang='lat' dir='ltr'>titulo</span> <span class='ocrx_word' id='word_1_18' title='bbox 622 581 783 642; x_wconf 78' lang='lat' dir='ltr'>nuncuparet</span> <span class='ocrx_word' id='word_1_19' title='bbox 808 582 882 629; x_wconf 83' lang='lat' dir='ltr'>etiam</span> <span class='ocrx_word' id='word_1_20' title='bbox 899 583 948 631; x_wconf 91' lang='lat' dir='ltr'>duo</span> <span class='ocrx_word' id='word_1_21' title='bbox 966 583 1012 630; x_wconf 89' lang='lat' dir='ltr'>ista</span> <span class='ocrx_word' id='word_1_22' title='bbox 1028 583 1172 642; x_wconf 82' lang='lat' dir='ltr'>junxerunt</span> <span class='ocrx_word' id='word_1_23' title='bbox 1190 587 1341 647; x_wconf 67' lang='lat' dir='ltr'>erenum</span> 
     </span>
     <span class='ocr_line' id='line_1_4' title="bbox 251 650 1340 718; baseline 0.009 -23"><span class='ocrx_word' id='word_1_24' title='bbox 251 650 321 707; x_wconf 75' lang='lat' dir='ltr'>Quod</span> <span class='ocrx_word' id='word_1_25' title='bbox 340 663 396 710; x_wconf 81' lang='lat' dir='ltr'>ergo</span> <span class='ocrx_word' id='word_1_26' title='bbox 415 652 545 698; x_wconf 85' lang='lat' dir='ltr'>consilium</span> <span class='ocrx_word' id='word_1_27' title='bbox 564 653 691 710; x_wconf 69' lang='lat' dir='ltr'>Prophetas</span> <span class='ocrx_word' id='word_1_28' title='bbox 709 651 781 697; x_wconf 80' lang='lat' dir='ltr'>luerit</span> <span class='ocrx_word' id='word_1_29' title='bbox 807 651 895 711; x_wconf 75' lang='lat' dir='ltr'>itanum</span> <span class='ocrx_word' id='word_1_30' title='bbox 913 655 937 700; x_wconf 76' lang='lat' dir='ltr'>aa</span> <span class='ocrx_word' id='word_1_31' title='bbox 946 666 1033 713; x_wconf 84' lang='lat' dir='ltr'>panem</span> <span class='ocrx_word' id='word_1_32' title='bbox 1044 652 1101 713; x_wconf 78' lang='lat' dir='ltr'>ejus.</span> <span class='ocrx_word' id='word_1_33' title='bbox 1113 652 1278 704; x_wconf 83' lang='lat' dir='ltr'>Nesciebant</span> <span class='ocrx_word' id='word_1_34' title='bbox 1291 656 1340 718; x_wconf 82' lang='lat' dir='ltr'>quil</span> 
     </span>
     <span class='ocr_line' id='line_1_5' title="bbox 252 719 1341 785; baseline 0.006 -20"><span class='ocrx_word' id='word_1_35' title='bbox 252 730 301 765; x_wconf 89' lang='lat' dir='ltr'>non</span> <span class='ocrx_word' id='word_1_36' title='bbox 312 719 437 779; x_wconf 77' lang='lat' dir='ltr'>intelligo,</span> <span class='ocrx_word' id='word_1_37' title='bbox 449 720 490 767; x_wconf 89' lang='lat' dir='ltr'>vel</span> <span class='ocrx_word' id='word_1_38' title='bbox 501 720 583 779; x_wconf 89' lang='lat' dir='ltr'>potius</span> <span class='ocrx_word' id='word_1_39' title='bbox 601 720 679 780; x_wconf 89' lang='lat' dir='ltr'>ipsius</span> <span class='ocrx_word' id='word_1_40' title='bbox 689 719 781 768; x_wconf 88' lang='lat' dir='ltr'>domiai</span> <span class='ocrx_word' id='word_1_41' title='bbox 808 719 1059 782; x_wconf 82' lang='lat' dir='ltr'>loquerenturludaei,</span> <span class='ocrx_word' id='word_1_42' title='bbox 1068 722 1093 769; x_wconf 91' lang='lat' dir='ltr'>et</span> <span class='ocrx_word' id='word_1_43' title='bbox 1100 723 1262 782; x_wconf 84' lang='lat' dir='ltr'>mysterium</span> <span class='ocrx_word' id='word_1_44' title='bbox 1268 725 1341 785; x_wconf 82' lang='lat' dir='ltr'>loqua-</span> 
     </span>
     <span class='ocr_line' id='line_1_6' title="bbox 251 788 1340 846; baseline 0.008 -13"><span class='ocrx_word' id='word_1_45' title='bbox 251 788 395 845; x_wconf 73' lang='lat' dir='ltr'>silvatoris,</span> <span class='ocrx_word' id='word_1_46' title='bbox 405 789 446 846; x_wconf 88' lang='lat' dir='ltr'>qui</span> <span class='ocrx_word' id='word_1_47' title='bbox 458 789 555 835; x_wconf 90' lang='lat' dir='ltr'>locutus</span> <span class='ocrx_word' id='word_1_48' title='bbox 566 789 603 834; x_wconf 88' lang='lat' dir='ltr'>est</span> <span class='ocrx_word' id='word_1_49' title='bbox 615 789 641 835; x_wconf 91' lang='lat' dir='ltr'>in</span> <span class='ocrx_word' id='word_1_50' title='bbox 651 788 781 846; x_wconf 80' lang='lat' dir='ltr'><strong>Propheta.</strong></span> <span class='ocrx_word' id='word_1_51' title='bbox 808 789 904 837; x_wconf 77' lang='lat' dir='ltr'><strong>bantur.</strong></span> <span class='ocrx_word' id='word_1_52' title='bbox 916 791 1056 838; x_wconf 84' lang='lat' dir='ltr'>Paradisum</span> <span class='ocrx_word' id='word_1_53' title='bbox 1072 792 1143 838; x_wconf 88' lang='lat' dir='ltr'>nobis</span> <span class='ocrx_word' id='word_1_54' title='bbox 1155 793 1229 840; x_wconf 84' lang='lat' dir='ltr'>Crux</span> <span class='ocrx_word' id='word_1_55' title='bbox 1240 794 1340 841; x_wconf 82' lang='lat' dir='ltr'>reddidit</span> 
     </span>
     <span class='ocr_line' id='line_1_7' title="bbox 252 856 1340 920; baseline 0.009 -20"><span class='ocrx_word' id='word_1_56' title='bbox 252 856 316 904; x_wconf 83' lang='lat' dir='ltr'>Vere</span> <span class='ocrx_word' id='word_1_57' title='bbox 328 856 487 914; x_wconf 79' lang='lat' dir='ltr'>iudiciaeJ&#39;us</span> <span class='ocrx_word' id='word_1_58' title='bbox 505 857 569 905; x_wconf 87' lang='lat' dir='ltr'>sicut</span> <span class='ocrx_word' id='word_1_59' title='bbox 580 857 680 917; x_wconf 84' lang='lat' dir='ltr'>abyssus</span> <span class='ocrx_word' id='word_1_60' title='bbox 691 857 781 914; x_wconf 89' lang='lat' dir='ltr'>multa,</span> <span class='ocrx_word' id='word_1_61' title='bbox 806 858 903 906; x_wconf 86' lang='lat' dir='ltr'>Christi.</span> <span class='ocrx_word' id='word_1_62' title='bbox 911 861 962 906; x_wconf 90' lang='lat' dir='ltr'>lloc</span> <span class='ocrx_word' id='word_1_63' title='bbox 971 861 1006 906; x_wconf 88' lang='lat' dir='ltr'>est</span> <span class='ocrx_word' id='word_1_64' title='bbox 1015 860 1108 920; x_wconf 74' lang='lat' dir='ltr'>lignum</span> <span class='ocrx_word' id='word_1_65' title='bbox 1116 861 1188 920; x_wconf 90' lang='lat' dir='ltr'>quod</span> <span class='ocrx_word' id='word_1_66' title='bbox 1195 862 1261 910; x_wconf 72' lang='lat' dir='ltr'>adso</span> <span class='ocrx_word' id='word_1_67' title='bbox 1268 862 1340 910; x_wconf 81' lang='lat' dir='ltr'>Doni·</span> 
     </span>
     <span class='ocr_line' id='line_1_8' title="bbox 252 925 1338 991; baseline 0.007 -20"><span class='ocrx_word' id='word_1_68' title='bbox 252 926 280 972; x_wconf 89' lang='lat' dir='ltr'>ut</span> <span class='ocrx_word' id='word_1_69' title='bbox 298 937 369 972; x_wconf 86' lang='lat' dir='ltr'>servo</span> <span class='ocrx_word' id='word_1_70' title='bbox 393 925 604 973; x_wconf 83' lang='lat' dir='ltr'>honorificentiam</span> <span class='ocrx_word' id='word_1_71' title='bbox 630 927 781 977; x_wconf 80' lang='lat' dir='ltr'>reservaret,</span> <span class='ocrx_word' id='word_1_72' title='bbox 807 927 1338 991; x_wconf 56' lang='lat' dir='ltr'>nusdemonslrarit,dioensdelignovitn</span> 
     </span>
     <span class='ocr_line' id='line_1_9' title="bbox 251 994 1338 1059; baseline 0.007 -20"><span class='ocrx_word' id='word_1_73' title='bbox 251 994 300 1040; x_wconf 86' lang='lat' dir='ltr'>eibi</span> <span class='ocrx_word' id='word_1_74' title='bbox 312 994 477 1042; x_wconf 86' lang='lat' dir='ltr'>conditionem</span> <span class='ocrx_word' id='word_1_75' title='bbox 488 997 614 1044; x_wconf 79' lang='lat' dir='ltr'>servitutis</span> <span class='ocrx_word' id='word_1_76' title='bbox 622 996 781 1044; x_wconf 80' lang='lat' dir='ltr'>adscriberet.</span> <span class='ocrx_word' id='word_1_77' title='bbox 806 995 870 1054; x_wconf 88' lang='lat' dir='ltr'>quod</span> <span class='ocrx_word' id='word_1_78' title='bbox 877 997 941 1044; x_wconf 82' lang='lat' dir='ltr'>essct</span> <span class='ocrx_word' id='word_1_79' title='bbox 949 997 975 1043; x_wconf 90' lang='lat' dir='ltr'>in</span> <span class='ocrx_word' id='word_1_80' title='bbox 984 996 1065 1044; x_wconf 92' lang='lat' dir='ltr'>medio</span> <span class='ocrx_word' id='word_1_81' title='bbox 1072 998 1197 1059; x_wconf 81' lang='lat' dir='ltr'>paradisi,</span> <span class='ocrx_word' id='word_1_82' title='bbox 1207 999 1338 1047; x_wconf 72' lang='lat' dir='ltr'>edendune</span> 
     </span>
     <span class='ocr_line' id='line_1_10' title="bbox 251 1061 1337 1126; baseline 0.006 -18"><span class='ocrx_word' id='word_1_83' title='bbox 251 1061 410 1111; x_wconf 87' lang='lat' dir='ltr'>Videormihi</span> <span class='ocrx_word' id='word_1_84' title='bbox 420 1063 569 1123; x_wconf 81' lang='lat' dir='ltr'>intelligere,</span> <span class='ocrx_word' id='word_1_85' title='bbox 579 1064 664 1111; x_wconf 86' lang='lat' dir='ltr'>videor</span> <span class='ocrx_word' id='word_1_86' title='bbox 673 1063 781 1110; x_wconf 82' lang='lat' dir='ltr'>hausisse</span> <span class='ocrx_word' id='word_1_87' title='bbox 807 1064 837 1110; x_wconf 86' lang='lat' dir='ltr'>de</span> <span class='ocrx_word' id='word_1_88' title='bbox 851 1065 917 1124; x_wconf 76' lang='lat' dir='ltr'>ligno</span> <span class='ocrx_word' id='word_1_89' title='bbox 930 1069 1013 1113; x_wconf 88' lang='lat' dir='ltr'>aulem</span> <span class='ocrx_word' id='word_1_90' title='bbox 1026 1067 1136 1115; x_wconf 74' lang='lat' dir='ltr'>scientiae</span> <span class='ocrx_word' id='word_1_91' title='bbox 1149 1068 1215 1115; x_wconf 89' lang='lat' dir='ltr'>boni</span> <span class='ocrx_word' id='word_1_92' title='bbox 1231 1069 1337 1126; x_wconf 82' lang='lat' dir='ltr'>etmali,</span> 
     </span>
     <span class='ocr_line' id='line_1_11' title="bbox 251 1132 1339 1199; baseline 0.006 -20"><span class='ocrx_word' id='word_1_93' title='bbox 251 1133 346 1192; x_wconf 85' lang='lat' dir='ltr'>aliquid</span> <span class='ocrx_word' id='word_1_94' title='bbox 356 1132 385 1179; x_wconf 89' lang='lat' dir='ltr'>de</span> <span class='ocrx_word' id='word_1_95' title='bbox 397 1133 474 1191; x_wconf 64' lang='lat' dir='ltr'>prata</span> <span class='ocrx_word' id='word_1_96' title='bbox 487 1133 602 1192; x_wconf 85' lang='lat' dir='ltr'>spiritaii.</span> <span class='ocrx_word' id='word_1_97' title='bbox 612 1135 733 1181; x_wconf 79' lang='lat' dir='ltr'>Adversus</span> <span class='ocrx_word' id='word_1_98' title='bbox 744 1133 783 1178; x_wconf 90' lang='lat' dir='ltr'>in·</span> <span class='ocrx_word' id='word_1_99' title='bbox 807 1147 855 1180; x_wconf 90' lang='lat' dir='ltr'>noa</span> <span class='ocrx_word' id='word_1_100' title='bbox 868 1135 1000 1184; x_wconf 86' lang='lat' dir='ltr'>edendum.</span> <span class='ocrx_word' id='word_1_101' title='bbox 1012 1137 1109 1184; x_wconf 80' lang='lat' dir='ltr'>Erravit</span> <span class='ocrx_word' id='word_1_102' title='bbox 1121 1137 1221 1199; x_wconf 70' lang='lat' dir='ltr'>Adam,</span> <span class='ocrx_word' id='word_1_103' title='bbox 1234 1139 1339 1186; x_wconf 79' lang='lat' dir='ltr'>mandata</span> 
     </span>
     <span class='ocr_line' id='line_1_12' title="bbox 248 1201 1340 1266; baseline 0.005 -17"><span class='ocrx_word' id='word_1_104' title='bbox 248 1203 385 1260; x_wconf 78' lang='lat' dir='ltr'>iustitiam,</span> <span class='ocrx_word' id='word_1_105' title='bbox 408 1202 435 1248; x_wconf 90' lang='lat' dir='ltr'>ut</span> <span class='ocrx_word' id='word_1_106' title='bbox 461 1201 583 1261; x_wconf 85' lang='lat' dir='ltr'>diximus,</span> <span class='ocrx_word' id='word_1_107' title='bbox 607 1203 716 1263; x_wconf 85' lang='lat' dir='ltr'>psalmus</span> <span class='ocrx_word' id='word_1_108' title='bbox 742 1201 783 1248; x_wconf 89' lang='lat' dir='ltr'>bic</span> <span class='ocrx_word' id='word_1_109' title='bbox 807 1205 964 1264; x_wconf 78' lang='lat' dir='ltr'>pontenuit,</span> <span class='ocrx_word' id='word_1_110' title='bbox 981 1205 1141 1253; x_wconf 86' lang='lat' dir='ltr'>interdictum</span> <span class='ocrx_word' id='word_1_111' title='bbox 1159 1207 1287 1266; x_wconf 70' lang='lat' dir='ltr'>gustavit.</span> <span class='ocrx_word' id='word_1_112' title='bbox 1302 1208 1340 1254; x_wconf 84' lang='lat' dir='ltr'>Per</span> 
     </span>
     <span class='ocr_line' id='line_1_13' title="bbox 249 1269 1338 1336; baseline 0.006 -19"><span class='ocrx_word' id='word_1_113' title='bbox 249 1271 357 1330; x_wconf 77' lang='lat' dir='ltr'>scriptun</span> <span class='ocrx_word' id='word_1_114' title='bbox 375 1271 427 1329; x_wconf 81' lang='lat' dir='ltr'>est3</span> <span class='ocrx_word' id='word_1_115' title='bbox 439 1271 465 1317; x_wconf 89' lang='lat' dir='ltr'>et</span> <span class='ocrx_word' id='word_1_116' title='bbox 481 1270 536 1318; x_wconf 84' lang='lat' dir='ltr'>laao</span> <span class='ocrx_word' id='word_1_117' title='bbox 547 1271 603 1330; x_wconf 80' lang='lat' dir='ltr'>plus</span> <span class='ocrx_word' id='word_1_118' title='bbox 617 1270 733 1330; x_wconf 75' lang='lat' dir='ltr'>gravatur</span> <span class='ocrx_word' id='word_1_119' title='bbox 744 1269 783 1315; x_wconf 77' lang='lat' dir='ltr'>in·</span> <span class='ocrx_word' id='word_1_120' title='bbox 809 1273 900 1332; x_wconf 76' lang='lat' dir='ltr'>lignum</span> <span class='ocrx_word' id='word_1_121' title='bbox 923 1275 1043 1333; x_wconf 81' lang='lat' dir='ltr'>coepimus</span> <span class='ocrx_word' id='word_1_122' title='bbox 1060 1274 1172 1334; x_wconf 74' lang='lat' dir='ltr'>camir03</span> <span class='ocrx_word' id='word_1_123' title='bbox 1192 1276 1256 1336; x_wconf 77' lang='lat' dir='ltr'>quia</span> <span class='ocrx_word' id='word_1_124' title='bbox 1278 1287 1338 1324; x_wconf 82' lang='lat' dir='ltr'>suun</span> 
     </span>
     <span class='ocr_line' id='line_1_14' title="bbox 248 1338 1339 1402; baseline 0.004 -16"><span class='ocrx_word' id='word_1_125' title='bbox 248 1338 346 1395; x_wconf 80' lang='lat' dir='ltr'>justitia</span> <span class='ocrx_word' id='word_1_126' title='bbox 362 1339 525 1398; x_wconf 80' lang='lat' dir='ltr'>pertidomm,</span> <span class='ocrx_word' id='word_1_127' title='bbox 542 1340 585 1400; x_wconf 89' lang='lat' dir='ltr'>qui</span> <span class='ocrx_word' id='word_1_128' title='bbox 602 1340 725 1386; x_wconf 76' lang='lat' dir='ltr'>Clarislum</span> <span class='ocrx_word' id='word_1_129' title='bbox 741 1340 783 1386; x_wconf 83' lang='lat' dir='ltr'>Je-</span> <span class='ocrx_word' id='word_1_130' title='bbox 807 1354 862 1388; x_wconf 90' lang='lat' dir='ltr'>caro</span> <span class='ocrx_word' id='word_1_131' title='bbox 874 1342 969 1402; x_wconf 84' lang='lat' dir='ltr'>accepit</span> <span class='ocrx_word' id='word_1_132' title='bbox 980 1342 1132 1390; x_wconf 85' lang='lat' dir='ltr'>alimentum.</span> <span class='ocrx_word' id='word_1_133' title='bbox 1146 1342 1211 1390; x_wconf 88' lang='lat' dir='ltr'>ldeo</span> <span class='ocrx_word' id='word_1_134' title='bbox 1228 1343 1339 1392; x_wconf 76' lang='lat' dir='ltr'>Dominus</span> 
     </span>
     <span class='ocr_line' id='line_1_15' title="bbox 249 1408 1339 1472; baseline 0.003 -17"><span class='ocrx_word' id='word_1_135' title='bbox 249 1421 304 1455; x_wconf 85' lang='lat' dir='ltr'>snm</span> <span class='ocrx_word' id='word_1_136' title='bbox 315 1408 442 1454; x_wconf 87' lang='lat' dir='ltr'>dominum</span> <span class='ocrx_word' id='word_1_137' title='bbox 451 1409 563 1467; x_wconf 84' lang='lat' dir='ltr'>recipere</span> <span class='ocrx_word' id='word_1_138' title='bbox 571 1408 703 1455; x_wconf 85' lang='lat' dir='ltr'>noluerunt</span> <span class='ocrx_word' id='word_1_139' title='bbox 711 1440 718 1465; x_wconf 93' lang='lat'><strong>‚</strong></span> <span class='ocrx_word' id='word_1_140' title='bbox 727 1420 782 1456; x_wconf 84' lang='lat' dir='ltr'>curn</span> <span class='ocrx_word' id='word_1_141' title='bbox 808 1408 832 1455; x_wconf 93' lang='lat' dir='ltr'>in</span> <span class='ocrx_word' id='word_1_142' title='bbox 843 1410 938 1458; x_wconf 87' lang='lat' dir='ltr'>Christo</span> <span class='ocrx_word' id='word_1_143' title='bbox 950 1422 1049 1458; x_wconf 87' lang='lat' dir='ltr'>carnem</span> <span class='ocrx_word' id='word_1_144' title='bbox 1057 1410 1143 1470; x_wconf 86' lang='lat' dir='ltr'>junxit</span> <span class='ocrx_word' id='word_1_145' title='bbox 1155 1411 1184 1458; x_wconf 89' lang='lat' dir='ltr'>et</span> <span class='ocrx_word' id='word_1_146' title='bbox 1198 1410 1339 1472; x_wconf 62' lang='lat' dir='ltr'>llunnnmt</span> 
     </span>
     <span class='ocr_line' id='line_1_16' title="bbox 250 1475 1339 1538; baseline 0.006 -18"><span class='ocrx_word' id='word_1_147' title='bbox 250 1476 295 1522; x_wconf 84' lang='lat' dir='ltr'>illa</span> <span class='ocrx_word' id='word_1_148' title='bbox 303 1475 475 1534; x_wconf 86' lang='lat' dir='ltr'>propteripsos</span> <span class='ocrx_word' id='word_1_149' title='bbox 483 1478 619 1534; x_wconf 88' lang='lat' dir='ltr'>susceperit</span> <span class='ocrx_word' id='word_1_150' title='bbox 627 1475 782 1522; x_wconf 84' lang='lat' dir='ltr'>servitutem.</span> <span class='ocrx_word' id='word_1_151' title='bbox 808 1477 883 1525; x_wconf 81' lang='lat' dir='ltr'>sames</span> <span class='ocrx_word' id='word_1_152' title='bbox 891 1479 992 1538; x_wconf 89' lang='lat' dir='ltr'>antiqua</span> <span class='ocrx_word' id='word_1_153' title='bbox 1003 1478 1194 1538; x_wconf 78' lang='lat' dir='ltr'>cessaret,vitae</span> <span class='ocrx_word' id='word_1_154' title='bbox 1203 1478 1339 1538; x_wconf 73' lang='lat' dir='ltr'>gratiamd·</span> 
     </span>
     <span class='ocr_line' id='line_1_17' title="bbox 250 1544 1338 1609; baseline 0.008 -23"><span class='ocrx_word' id='word_1_155' title='bbox 250 1544 315 1600; x_wconf 80' lang='lat' dir='ltr'>Quid</span> <span class='ocrx_word' id='word_1_156' title='bbox 324 1545 390 1590; x_wconf 88' lang='lat' dir='ltr'>enim</span> <span class='ocrx_word' id='word_1_157' title='bbox 398 1546 449 1590; x_wconf 91' lang='lat' dir='ltr'>tam</span> <span class='ocrx_word' id='word_1_158' title='bbox 458 1545 585 1603; x_wconf 84' lang='lat' dir='ltr'>iniquum,</span> <span class='ocrx_word' id='word_1_159' title='bbox 594 1557 667 1603; x_wconf 82' lang='lat' dir='ltr'>quara</span> <span class='ocrx_word' id='word_1_160' title='bbox 678 1545 783 1604; x_wconf 78' lang='lat' dir='ltr'>ingratos</span> <span class='ocrx_word' id='word_1_161' title='bbox 807 1546 915 1594; x_wconf 88' lang='lat' dir='ltr'>deretur.</span> <span class='ocrx_word' id='word_1_162' title='bbox 927 1548 1030 1595; x_wconf 84' lang='lat' dir='ltr'>Beatum</span> <span class='ocrx_word' id='word_1_163' title='bbox 1041 1547 1137 1607; x_wconf 74' lang='lat' dir='ltr'>lignum</span> <span class='ocrx_word' id='word_1_164' title='bbox 1150 1547 1274 1606; x_wconf 88' lang='lat' dir='ltr'>Domini,</span> <span class='ocrx_word' id='word_1_165' title='bbox 1284 1547 1338 1609; x_wconf 79' lang='lat' dir='ltr'>quod</span> 
     </span>
     <span class='ocr_line' id='line_1_18' title="bbox 250 1612 1338 1674; baseline 0.005 -15"><span class='ocrx_word' id='word_1_166' title='bbox 250 1612 327 1659; x_wconf 85' lang='lat' dir='ltr'>luisse</span> <span class='ocrx_word' id='word_1_167' title='bbox 339 1613 415 1659; x_wconf 76' lang='lat' dir='ltr'>taralis</span> <span class='ocrx_word' id='word_1_168' title='bbox 432 1613 573 1672; x_wconf 80' lang='lat' dir='ltr'>beneficiis3</span> <span class='ocrx_word' id='word_1_169' title='bbox 585 1614 614 1660; x_wconf 91' lang='lat' dir='ltr'>ut</span> <span class='ocrx_word' id='word_1_170' title='bbox 632 1612 721 1672; x_wconf 89' lang='lat' dir='ltr'>quibus</span> <span class='ocrx_word' id='word_1_171' title='bbox 740 1614 782 1660; x_wconf 90' lang='lat' dir='ltr'>ille</span> <span class='ocrx_word' id='word_1_172' title='bbox 807 1615 916 1662; x_wconf 88' lang='lat' dir='ltr'>omnium</span> <span class='ocrx_word' id='word_1_173' title='bbox 926 1616 1027 1674; x_wconf 85' lang='lat' dir='ltr'>peccata</span> <span class='ocrx_word' id='word_1_174' title='bbox 1043 1615 1172 1662; x_wconf 85' lang='lat' dir='ltr'>cmeilixit</span> <span class='ocrx_word' id='word_1_175' title='bbox 1184 1628 1192 1662; x_wconf 72' lang='grc' dir='ltr'><em>τ</em></span> <span class='ocrx_word' id='word_1_176' title='bbox 1204 1615 1283 1663; x_wconf 86' lang='lat' dir='ltr'>beata</span> <span class='ocrx_word' id='word_1_177' title='bbox 1293 1627 1338 1664; x_wconf 83' lang='lat' dir='ltr'>cara</span> 
     </span>
     <span class='ocr_line' id='line_1_19' title="bbox 249 1681 1338 1742; baseline 0.005 -15"><span class='ocrx_word' id='word_1_178' title='bbox 249 1682 355 1728; x_wconf 85' lang='lat' dir='ltr'>salutem</span> <span class='ocrx_word' id='word_1_179' title='bbox 365 1681 481 1740; x_wconf 65' lang='lat' dir='ltr'>careant</span> <span class='ocrx_word' id='word_1_180' title='bbox 491 1681 634 1739; x_wconf 76' lang='lat' dir='ltr'>sanguinem</span> <span class='ocrx_word' id='word_1_181' title='bbox 645 1681 783 1739; x_wconf 85' lang='lat' dir='ltr'>ejusellun-</span> <span class='ocrx_word' id='word_1_182' title='bbox 809 1682 918 1741; x_wconf 82' lang='lat' dir='ltr'>Domim,</span> <span class='ocrx_word' id='word_1_183' title='bbox 933 1695 989 1742; x_wconf 82' lang='lat' dir='ltr'>quae</span> <span class='ocrx_word' id='word_1_184' title='bbox 1007 1681 1100 1730; x_wconf 79' lang='lat' dir='ltr'>victum</span> <span class='ocrx_word' id='word_1_185' title='bbox 1118 1682 1242 1732; x_wconf 81' lang='lat' dir='ltr'>omntbus</span> <span class='ocrx_word' id='word_1_186' title='bbox 1261 1683 1338 1732; x_wconf 81' lang='lat' dir='ltr'>minin·</span> 
     </span>
     <span class='ocr_line' id='line_1_20' title="bbox 250 1749 1272 1808; baseline 0.003 -14"><span class='ocrx_word' id='word_1_187' title='bbox 250 1749 480 1808; x_wconf 74' lang='lat' dir='ltr'>derentiDeniquo</span> <span class='ocrx_word' id='word_1_188' title='bbox 491 1751 552 1796; x_wconf 89' lang='lat' dir='ltr'>alibi</span> <span class='ocrx_word' id='word_1_189' title='bbox 563 1763 619 1796; x_wconf 90' lang='lat' dir='ltr'>cum</span> <span class='ocrx_word' id='word_1_190' title='bbox 631 1751 716 1798; x_wconf 84' lang='lat' dir='ltr'>desua</span> <span class='ocrx_word' id='word_1_191' title='bbox 728 1762 782 1808; x_wconf 82' lang='lat' dir='ltr'>pas-</span> <span class='ocrx_word' id='word_1_192' title='bbox 808 1749 899 1796; x_wconf 75' lang='lat' dir='ltr'>travit?</span> <span class='ocrx_word' id='word_1_193' title='bbox 1271 1759 1272 1763; x_wconf 74' lang='grc'>’</span> 
     </span>
     <span class='ocr_line' id='line_1_21' title="bbox 250 1816 1338 1879; baseline 0.001 -14"><span class='ocrx_word' id='word_1_194' title='bbox 250 1819 320 1866; x_wconf 76' lang='lat' dir='ltr'>sione</span> <span class='ocrx_word' id='word_1_195' title='bbox 335 1820 491 1879; x_wconf 82' lang='lat' dir='ltr'>loqueretur,</span> <span class='ocrx_word' id='word_1_196' title='bbox 508 1820 538 1866; x_wconf 88' lang='lat' dir='ltr'>ad</span> <span class='ocrx_word' id='word_1_197' title='bbox 556 1821 721 1868; x_wconf 81' lang='lat' dir='ltr'>acervandam</span> <span class='ocrx_word' id='word_1_198' title='bbox 739 1821 782 1866; x_wconf 79' lang='lat' dir='ltr'>lu-</span> <span class='ocrx_word' id='word_1_199' title='bbox 835 1817 860 1865; x_wconf 76' lang='grc' dir='ltr'>[ι.</span> <span class='ocrx_word' id='word_1_200' title='bbox 871 1819 907 1865; x_wconf 89' lang='lat' dir='ltr'>De</span> <span class='ocrx_word' id='word_1_201' title='bbox 918 1816 1062 1878; x_wconf 85' lang='lat' dir='ltr'>paupertate</span> <span class='ocrx_word' id='word_1_202' title='bbox 1073 1816 1150 1877; x_wconf 77' lang='lat' dir='ltr'>igitur</span> <span class='ocrx_word' id='word_1_203' title='bbox 1161 1817 1191 1866; x_wconf 87' lang='lat' dir='ltr'>ct</span> <span class='ocrx_word' id='word_1_204' title='bbox 1201 1817 1338 1866; x_wconf 76' lang='lat' dir='ltr'>doloreDe</span> 
     </span>
     <span class='ocr_line' id='line_1_22' title="bbox 245 1885 1338 1947; baseline 0.003 -13"><span class='ocrx_word' id='word_1_205' title='bbox 245 1888 327 1935; x_wconf 84' lang='lat' dir='ltr'>daicae</span> <span class='ocrx_word' id='word_1_206' title='bbox 345 1888 480 1946; x_wconf 87' lang='lat' dir='ltr'>impictatis</span> <span class='ocrx_word' id='word_1_207' title='bbox 496 1888 616 1934; x_wconf 87' lang='lat' dir='ltr'>invidiam</span> <span class='ocrx_word' id='word_1_208' title='bbox 633 1888 713 1935; x_wconf 89' lang='lat' dir='ltr'>sicait</span> <span class='ocrx_word' id='word_1_209' title='bbox 724 1901 731 1933; x_wconf 73' lang='grc' dir='ltr'><strong><em>ε</em></strong></span> <span class='ocrx_word' id='word_1_210' title='bbox 743 1890 778 1936; x_wconf 78' lang='lat' dir='ltr'>Ne</span> <span class='ocrx_word' id='word_1_211' title='bbox 807 1888 867 1934; x_wconf 89' lang='lat' dir='ltr'>mini</span> <span class='ocrx_word' id='word_1_212' title='bbox 890 1888 991 1947; x_wconf 86' lang='lat' dir='ltr'>idonea,</span> <span class='ocrx_word' id='word_1_213' title='bbox 1013 1885 1042 1934; x_wconf 86' lang='lat' dir='ltr'>ut</span> <span class='ocrx_word' id='word_1_214' title='bbox 1060 1885 1183 1947; x_wconf 84' lang='lat' dir='ltr'>arbitror,</span> <span class='ocrx_word' id='word_1_215' title='bbox 1203 1888 1338 1937; x_wconf 73' lang='lat' dir='ltr'>sanctorm</span> 
     </span>
     <span class='ocr_line' id='line_1_23' title="bbox 249 1955 1339 2018; baseline 0 -14"><span class='ocrx_word' id='word_1_216' title='bbox 249 1960 343 2004; x_wconf 77' lang='lat' dir='ltr'>avertas</span> <span class='ocrx_word' id='word_1_217' title='bbox 353 1957 437 2015; x_wconf 76' lang='lat' dir='ltr'>[icciem</span> <span class='ocrx_word' id='word_1_218' title='bbox 453 1960 520 2004; x_wconf 84' lang='lat' dir='ltr'>taam</span> <span class='ocrx_word' id='word_1_219' title='bbox 531 1973 547 2005; x_wconf 85' lang='lat' dir='ltr'>a</span> <span class='ocrx_word' id='word_1_220' title='bbox 556 1971 629 2018; x_wconf 84' lang='lat' dir='ltr'>puero</span> <span class='ocrx_word' id='word_1_221' title='bbox 648 1961 688 2005; x_wconf 85' lang='lat' dir='ltr'>luo</span> <span class='ocrx_word' id='word_1_222' title='bbox 704 1971 782 2017; x_wconf 81' lang='lat' dir='ltr'>:quo-</span> <span class='ocrx_word' id='word_1_223' title='bbox 806 1956 953 2015; x_wconf 88' lang='lat' dir='ltr'>protulimus</span> <span class='ocrx_word' id='word_1_224' title='bbox 975 1955 1131 2015; x_wconf 88' lang='lat' dir='ltr'>testimonia,</span> <span class='ocrx_word' id='word_1_225' title='bbox 1152 1957 1268 2017; x_wconf 80' lang='lat' dir='ltr'>quorum</span> <span class='ocrx_word' id='word_1_226' title='bbox 1281 1957 1339 2004; x_wconf 80' lang='lat' dir='ltr'>alter</span> 
     </span>
     <span class='ocr_line' id='line_1_24' title="bbox 248 2023 1338 2083; baseline 0.002 -11"><span class='ocrx_word' id='word_1_227' title='bbox 248 2029 316 2074; x_wconf 81' lang='lat' dir='ltr'>atam</span> <span class='ocrx_word' id='word_1_228' title='bbox 325 2027 432 2083; x_wconf 82' lang='lat' dir='ltr'>tribulor,</span> <span class='ocrx_word' id='word_1_229' title='bbox 438 2028 544 2074; x_wconf 83' lang='lat' dir='ltr'>uelociter</span> <span class='ocrx_word' id='word_1_230' title='bbox 550 2029 638 2074; x_wconf 77' lang='lat' dir='ltr'>exandi</span> <span class='ocrx_word' id='word_1_231' title='bbox 643 2040 710 2074; x_wconf 83' lang='lat' dir='ltr'>me...</span> <span class='ocrx_word' id='word_1_232' title='bbox 717 2029 781 2074; x_wconf 65' lang='lat' dir='ltr'>aaa</span> <span class='ocrx_word' id='word_1_233' title='bbox 806 2025 869 2072; x_wconf 85' lang='lat' dir='ltr'>vidit</span> <span class='ocrx_word' id='word_1_234' title='bbox 880 2025 905 2072; x_wconf 92' lang='lat' dir='ltr'>et</span> <span class='ocrx_word' id='word_1_235' title='bbox 917 2023 995 2082; x_wconf 81' lang='lat' dir='ltr'>dixit,</span> <span class='ocrx_word' id='word_1_236' title='bbox 1006 2024 1069 2072; x_wconf 85' lang='lat' dir='ltr'>alter</span> <span class='ocrx_word' id='word_1_237' title='bbox 1080 2023 1116 2071; x_wconf 91' lang='lat' dir='ltr'>est</span> <span class='ocrx_word' id='word_1_238' title='bbox 1127 2024 1227 2072; x_wconf 84' lang='lat' dir='ltr'>electus</span> <span class='ocrx_word' id='word_1_239' title='bbox 1238 2025 1270 2073; x_wconf 87' lang='lat' dir='ltr'>ut</span> <span class='ocrx_word' id='word_1_240' title='bbox 1280 2025 1338 2074; x_wconf 82' lang='lat' dir='ltr'>dice·</span> 
     </span>
     <span class='ocr_line' id='line_1_25' title="bbox 248 2092 1338 2156; baseline 0.001 -15"><span class='ocrx_word' id='word_1_241' title='bbox 248 2108 291 2156; x_wconf 79' lang='lat' dir='ltr'>per</span> <span class='ocrx_word' id='word_1_242' title='bbox 302 2098 323 2142; x_wconf 86' lang='lat' dir='ltr'>ct</span> <span class='ocrx_word' id='word_1_243' title='bbox 333 2097 410 2142; x_wconf 70' lang='lat' dir='ltr'>douae</span> <span class='ocrx_word' id='word_1_244' title='bbox 421 2109 462 2155; x_wconf 79' lang='lat' dir='ltr'>epo</span> <span class='ocrx_word' id='word_1_245' title='bbox 469 2109 531 2143; x_wconf 85' lang='lat' dir='ltr'>sam.</span> <span class='ocrx_word' id='word_1_246' title='bbox 805 2096 852 2142; x_wconf 91' lang='lat' dir='ltr'>ret.</span> <span class='ocrx_word' id='word_1_247' title='bbox 861 2096 971 2154; x_wconf 87' lang='lat' dir='ltr'>ipsorum</span> <span class='ocrx_word' id='word_1_248' title='bbox 982 2092 1059 2152; x_wconf 84' lang='lat' dir='ltr'>igitur</span> <span class='ocrx_word' id='word_1_249' title='bbox 1068 2092 1111 2153; x_wconf 88' lang='lat' dir='ltr'>qui</span> <span class='ocrx_word' id='word_1_250' title='bbox 1119 2094 1223 2153; x_wconf 86' lang='lat' dir='ltr'>probati</span> <span class='ocrx_word' id='word_1_251' title='bbox 1231 2095 1338 2156; x_wconf 77' lang='lat' dir='ltr'>aunt,de</span> 
     </span>
     <span class='ocr_line' id='line_1_26' title="bbox 280 2161 1338 2225; baseline 0.003 -15"><span class='ocrx_word' id='word_1_252' title='bbox 280 2165 304 2210; x_wconf 79' lang='lat'>5.</span> <span class='ocrx_word' id='word_1_253' title='bbox 317 2165 394 2225; x_wconf 88' lang='lat' dir='ltr'>Veni,</span> <span class='ocrx_word' id='word_1_254' title='bbox 411 2165 501 2223; x_wconf 84' lang='lat' dir='ltr'>Paule,</span> <span class='ocrx_word' id='word_1_255' title='bbox 518 2164 682 2224; x_wconf 85' lang='lat' dir='ltr'>interpretare</span> <span class='ocrx_word' id='word_1_256' title='bbox 698 2163 781 2222; x_wconf 90' lang='lat' dir='ltr'>nobis,</span> <span class='ocrx_word' id='word_1_257' title='bbox 805 2162 925 2210; x_wconf 87' lang='lat' dir='ltr'>servitute</span> <span class='ocrx_word' id='word_1_258' title='bbox 952 2161 1054 2210; x_wconf 88' lang='lat' dir='ltr'>Domini</span> <span class='ocrx_word' id='word_1_259' title='bbox 1078 2162 1228 2210; x_wconf 87' lang='lat' dir='ltr'>testimonia</span> <span class='ocrx_word' id='word_1_260' title='bbox 1254 2165 1338 2212; x_wconf 82' lang='lat' dir='ltr'>iterun</span> 
     </span>
     <span class='ocr_line' id='line_1_27' title="bbox 249 2231 1338 2294; baseline 0 -14"><span class='ocrx_word' id='word_1_261' title='bbox 249 2246 298 2294; x_wconf 85' lang='lat' dir='ltr'>qna</span> <span class='ocrx_word' id='word_1_262' title='bbox 315 2235 411 2282; x_wconf 83' lang='lat' dir='ltr'>ratione</span> <span class='ocrx_word' id='word_1_263' title='bbox 421 2237 540 2283; x_wconf 85' lang='lat' dir='ltr'>Dominus</span> <span class='ocrx_word' id='word_1_264' title='bbox 551 2235 607 2281; x_wconf 90' lang='lat' dir='ltr'>coeli</span> <span class='ocrx_word' id='word_1_265' title='bbox 619 2235 692 2294; x_wconf 89' lang='lat' dir='ltr'>atque</span> <span class='ocrx_word' id='word_1_266' title='bbox 703 2235 781 2281; x_wconf 88' lang='lat' dir='ltr'>terra·</span> <span class='ocrx_word' id='word_1_267' title='bbox 805 2232 971 2291; x_wconf 81' lang='lat' dir='ltr'>proteramus3</span> <span class='ocrx_word' id='word_1_268' title='bbox 983 2231 1059 2277; x_wconf 89' lang='lat' dir='ltr'>immo</span> <span class='ocrx_word' id='word_1_269' title='bbox 1069 2241 1113 2277; x_wconf 86' lang='lat' dir='ltr'>sua</span> <span class='ocrx_word' id='word_1_270' title='bbox 1126 2243 1185 2290; x_wconf 86' lang='lat' dir='ltr'>quae</span> <span class='ocrx_word' id='word_1_271' title='bbox 1198 2231 1231 2280; x_wconf 84' lang='lat' dir='ltr'>de</span> <span class='ocrx_word' id='word_1_272' title='bbox 1246 2245 1276 2283; x_wconf 81' lang='lat' dir='ltr'>se</span> <span class='ocrx_word' id='word_1_273' title='bbox 1292 2233 1338 2293; x_wconf 78' lang='lat' dir='ltr'>lpse</span> 
     </span>
     <span class='ocr_line' id='line_1_28' title="bbox 248 2299 1339 2365; baseline -0.002 -13"><span class='ocrx_word' id='word_1_274' title='bbox 248 2318 305 2352; x_wconf 88' lang='lat' dir='ltr'>rum</span> <span class='ocrx_word' id='word_1_275' title='bbox 326 2317 352 2352; x_wconf 90' lang='lat' dir='ltr'>se</span> <span class='ocrx_word' id='word_1_276' title='bbox 367 2317 503 2365; x_wconf 84' lang='lat' dir='ltr'>pauperem</span> <span class='ocrx_word' id='word_1_277' title='bbox 520 2304 627 2362; x_wconf 65' lang='lat' dir='ltr'>duxerit,</span> <span class='ocrx_word' id='word_1_278' title='bbox 639 2304 665 2351; x_wconf 85' lang='lat' dir='ltr'>et</span> <span class='ocrx_word' id='word_1_279' title='bbox 680 2316 735 2363; x_wconf 80' lang='lat' dir='ltr'>quae</span> <span class='ocrx_word' id='word_1_280' title='bbox 750 2305 781 2352; x_wconf 88' lang='lat' dir='ltr'>sit</span> <span class='ocrx_word' id='word_1_281' title='bbox 805 2303 899 2349; x_wconf 87' lang='lat' dir='ltr'>locutus</span> <span class='ocrx_word' id='word_1_282' title='bbox 910 2300 937 2347; x_wconf 94' lang='lat' dir='ltr'>in</span> <span class='ocrx_word' id='word_1_283' title='bbox 952 2302 1058 2361; x_wconf 86' lang='lat' dir='ltr'>utroque</span> <span class='ocrx_word' id='word_1_284' title='bbox 1069 2299 1114 2347; x_wconf 88' lang='lat' dir='ltr'>est.</span> <span class='ocrx_word' id='word_1_285' title='bbox 1130 2300 1274 2351; x_wconf 77' lang='lat' dir='ltr'>Audiamus</span> <span class='ocrx_word' id='word_1_286' title='bbox 1288 2314 1339 2362; x_wconf 70' lang='lat' dir='ltr'>erpa</span> 
     </span>
     <span class='ocr_line' id='line_1_29' title="bbox 248 2370 1339 2433; baseline -0.006 -13"><span class='ocrx_word' id='word_1_287' title='bbox 248 2374 296 2420; x_wconf 89' lang='lat' dir='ltr'>ista</span> <span class='ocrx_word' id='word_1_288' title='bbox 311 2375 451 2433; x_wconf 87' lang='lat' dir='ltr'>paupertas.</span> <span class='ocrx_word' id='word_1_289' title='bbox 463 2375 499 2419; x_wconf 84' lang='lat' dir='ltr'>Tu</span> <span class='ocrx_word' id='word_1_290' title='bbox 512 2375 579 2420; x_wconf 89' lang='lat' dir='ltr'>certe</span> <span class='ocrx_word' id='word_1_291' title='bbox 590 2373 661 2419; x_wconf 91' lang='lat' dir='ltr'>illum</span> <span class='ocrx_word' id='word_1_292' title='bbox 677 2373 781 2418; x_wconf 85' lang='lat' dir='ltr'>divitem</span> <span class='ocrx_word' id='word_1_293' title='bbox 804 2371 865 2430; x_wconf 87' lang='lat' dir='ltr'>quid</span> <span class='ocrx_word' id='word_1_294' title='bbox 876 2370 956 2417; x_wconf 86' lang='lat' dir='ltr'>dicat:</span> <span class='ocrx_word' id='word_1_295' title='bbox 969 2371 1068 2418; x_wconf 79' lang='lat' dir='ltr'>Sindictl</span> <span class='ocrx_word' id='word_1_296' title='bbox 1078 2371 1212 2429; x_wconf 80' lang='lat' dir='ltr'>Dominae,</span> <span class='ocrx_word' id='word_1_297' title='bbox 1221 2373 1268 2432; x_wconf 76' lang='lat' dir='ltr'>put</span> <span class='ocrx_word' id='word_1_298' title='bbox 1275 2371 1339 2431; x_wconf 67' lang='lat' dir='ltr'>fimi</span> 
     </span>
     <span class='ocr_line' id='line_1_30' title="bbox 247 2437 1338 2500; baseline -0.004 -12"><span class='ocrx_word' id='word_1_299' title='bbox 247 2437 334 2488; x_wconf 81' lang='lat' dir='ltr'>dixisti</span> <span class='ocrx_word' id='word_1_300' title='bbox 344 2455 351 2488; x_wconf 73' lang='grc' dir='ltr'><strong>ι</strong></span> <span class='ocrx_word' id='word_1_301' title='bbox 361 2441 481 2500; x_wconf 85' lang='lat' dir='ltr'>quomodo</span> <span class='ocrx_word' id='word_1_302' title='bbox 494 2441 561 2487; x_wconf 89' lang='lat' dir='ltr'>idem</span> <span class='ocrx_word' id='word_1_303' title='bbox 572 2441 642 2488; x_wconf 86' lang='lat' dir='ltr'>dives</span> <span class='ocrx_word' id='word_1_304' title='bbox 651 2441 677 2487; x_wconf 92' lang='lat' dir='ltr'>et</span> <span class='ocrx_word' id='word_1_305' title='bbox 687 2453 780 2499; x_wconf 87' lang='lat' dir='ltr'>pauper</span> <span class='ocrx_word' id='word_1_306' title='bbox 803 2452 840 2485; x_wconf 86' lang='lat' dir='ltr'>me</span> <span class='ocrx_word' id='word_1_307' title='bbox 848 2452 878 2485; x_wconf 82' lang='lat' dir='ltr'>eac</span> <span class='ocrx_word' id='word_1_308' title='bbox 886 2441 952 2486; x_wconf 80' lang='lat' dir='ltr'>utera</span> <span class='ocrx_word' id='word_1_309' title='bbox 959 2450 1050 2487; x_wconf 67' lang='lat' dir='ltr'>satum</span> <span class='ocrx_word' id='word_1_310' title='bbox 1057 2437 1103 2486; x_wconf 81' lang='lat' dir='ltr'>cibi</span> <span class='ocrx_word' id='word_1_311' title='bbox 1110 2439 1140 2484; x_wconf 84' lang='lat' dir='ltr'>ad</span> <span class='ocrx_word' id='word_1_312' title='bbox 1147 2439 1338 2500; x_wconf 67' lang='lat' dir='ltr'>conmeantum</span> 
     </span>
     <span class='ocr_line' id='line_1_31' title="bbox 247 2505 1338 2565; baseline -0.004 -9"><span class='ocrx_word' id='word_1_313' title='bbox 247 2509 303 2556; x_wconf 76' lang='lat' dir='ltr'>est?</span> <span class='ocrx_word' id='word_1_314' title='bbox 313 2509 446 2556; x_wconf 75' lang='lat' dir='ltr'>Audiamus</span> <span class='ocrx_word' id='word_1_315' title='bbox 456 2508 625 2556; x_wconf 88' lang='lat' dir='ltr'>testimonium</span> <span class='ocrx_word' id='word_1_316' title='bbox 640 2507 717 2553; x_wconf 80' lang='lat' dir='ltr'>Pauli.</span> <span class='ocrx_word' id='word_1_317' title='bbox 731 2511 780 2556; x_wconf 88' lang='lat' dir='ltr'>Sci·</span> <span class='ocrx_word' id='word_1_318' title='bbox 803 2507 876 2554; x_wconf 80' lang='lat' dir='ltr'>Jacob</span> <span class='ocrx_word' id='word_1_319' title='bbox 886 2510 908 2554; x_wconf 87' lang='lat' dir='ltr'>ct</span> <span class='ocrx_word' id='word_1_320' title='bbox 916 2507 991 2555; x_wconf 82' lang='lat' dir='ltr'>lsrael</span> <span class='ocrx_word' id='word_1_321' title='bbox 1001 2509 1032 2554; x_wconf 89' lang='lat' dir='ltr'>ad</span> <span class='ocrx_word' id='word_1_322' title='bbox 1040 2519 1101 2554; x_wconf 84' lang='lat' dir='ltr'>eam.</span> <span class='ocrx_word' id='word_1_323' title='bbox 1113 2505 1279 2555; x_wconf 68' lang='lat' dir='ltr'>noveramus</span> <span class='ocrx_word' id='word_1_324' title='bbox 1289 2519 1338 2565; x_wconf 73' lang='lat' dir='ltr'>erpo</span> 
     </span>
     <span class='ocr_line' id='line_1_32' title="bbox 247 2570 1338 2637; baseline -0.003 -13"><span class='ocrx_word' id='word_1_325' title='bbox 247 2580 293 2634; x_wconf 80' lang='lat' dir='ltr'>tte,</span> <span class='ocrx_word' id='word_1_326' title='bbox 310 2577 406 2636; x_wconf 86' lang='lat' dir='ltr'>inquit,</span> <span class='ocrx_word' id='word_1_327' title='bbox 418 2580 520 2637; x_wconf 74' lang='lat' dir='ltr'>qratiam</span> <span class='ocrx_word' id='word_1_328' title='bbox 539 2579 629 2622; x_wconf 71' lang='lat' dir='ltr'>donnini</span> <span class='ocrx_word' id='word_1_329' title='bbox 642 2570 718 2623; x_wconf 75' lang='lat' dir='ltr'>nostri</span> <span class='ocrx_word' id='word_1_330' title='bbox 726 2579 780 2624; x_wconf 79' lang='lat' dir='ltr'>Jcau</span> <span class='ocrx_word' id='word_1_331' title='bbox 804 2576 983 2636; x_wconf 86' lang='lat' dir='ltr'>quodpropter</span> <span class='ocrx_word' id='word_1_332' title='bbox 1001 2573 1220 2635; x_wconf 76' lang='lat' dir='ltr'>congregationem</span> <span class='ocrx_word' id='word_1_333' title='bbox 1242 2574 1338 2635; x_wconf 85' lang='lat' dir='ltr'>populi,</span> 
     </span>
     <span class='ocr_line' id='line_1_33' title="bbox 229 2642 1338 2706; baseline -0.002 -13"><span class='ocrx_word' id='word_1_334' title='bbox 229 2642 231 2647; x_wconf 84' lang='lat'>&#39;</span> <span class='ocrx_word' id='word_1_335' title='bbox 248 2645 348 2705; x_wconf 73' lang='lat' dir='ltr'>Gbrati3</span> <span class='ocrx_word' id='word_1_336' title='bbox 366 2648 423 2705; x_wconf 81' lang='lat' dir='ltr'>qaia</span> <span class='ocrx_word' id='word_1_337' title='bbox 438 2649 533 2706; x_wconf 82' lang='lat' dir='ltr'>propter</span> <span class='ocrx_word' id='word_1_338' title='bbox 549 2658 590 2692; x_wconf 86' lang='lat' dir='ltr'>nos</span> <span class='ocrx_word' id='word_1_339' title='bbox 604 2658 694 2705; x_wconf 86' lang='lat' dir='ltr'>pauper</span> <span class='ocrx_word' id='word_1_340' title='bbox 705 2646 781 2703; x_wconf 73' lang='lat' dir='ltr'>factas</span> <span class='ocrx_word' id='word_1_341' title='bbox 804 2645 907 2692; x_wconf 84' lang='lat' dir='ltr'>formam</span> <span class='ocrx_word' id='word_1_342' title='bbox 915 2645 1052 2705; x_wconf 82' lang='lat' dir='ltr'>susceperit</span> <span class='ocrx_word' id='word_1_343' title='bbox 1059 2643 1338 2704; x_wconf 83' lang='lat' dir='ltr'>servitutis.Audis,lu·</span> 
     </span>
     <span class='ocr_line' id='line_1_34' title="bbox 246 2713 1337 2775; baseline -0.001 -14"><span class='ocrx_word' id='word_1_344' title='bbox 246 2718 293 2772; x_wconf 81' lang='lat' dir='ltr'>eat,</span> <span class='ocrx_word' id='word_1_345' title='bbox 315 2729 368 2762; x_wconf 87' lang='lat' dir='ltr'>cam</span> <span class='ocrx_word' id='word_1_346' title='bbox 385 2718 445 2763; x_wconf 82' lang='lat' dir='ltr'>diaes</span> <span class='ocrx_word' id='word_1_347' title='bbox 454 2717 533 2772; x_wconf 80' lang='lat' dir='ltr'>esset,</span> <span class='ocrx_word' id='word_1_348' title='bbox 544 2717 571 2761; x_wconf 84' lang='lat' dir='ltr'>ut</span> <span class='ocrx_word' id='word_1_349' title='bbox 589 2727 630 2761; x_wconf 81' lang='lat' dir='ltr'>vos</span> <span class='ocrx_word' id='word_1_350' title='bbox 640 2729 689 2773; x_wconf 68' lang='lat' dir='ltr'>ejas</span> <span class='ocrx_word' id='word_1_351' title='bbox 701 2717 780 2775; x_wconf 80' lang='lat' dir='ltr'>inopia</span> <span class='ocrx_word' id='word_1_352' title='bbox 804 2714 870 2774; x_wconf 83' lang='lat' dir='ltr'>daec,</span> <span class='ocrx_word' id='word_1_353' title='bbox 886 2715 953 2763; x_wconf 88' lang='lat' dir='ltr'>etde</span> <span class='ocrx_word' id='word_1_354' title='bbox 965 2714 1043 2775; x_wconf 76' lang='lat' dir='ltr'>gratia</span> <span class='ocrx_word' id='word_1_355' title='bbox 1059 2713 1240 2761; x_wconf 80' lang='lat' dir='ltr'>contumeliam</span> <span class='ocrx_word' id='word_1_356' title='bbox 1251 2713 1337 2771; x_wconf 66' lang='lat' dir='ltr'>uelem</span> 
     </span>
     <span class='ocr_line' id='line_1_35' title="bbox 247 2779 1338 2843; baseline -0.004 -13"><span class='ocrx_word' id='word_1_357' title='bbox 247 2784 390 2832; x_wconf 79' lang='lat' dir='ltr'>ditaremini.</span> <span class='ocrx_word' id='word_1_358' title='bbox 401 2784 465 2830; x_wconf 89' lang='lat' dir='ltr'>Veni</span> <span class='ocrx_word' id='word_1_359' title='bbox 476 2783 501 2830; x_wconf 88' lang='lat' dir='ltr'>el</span> <span class='ocrx_word' id='word_1_360' title='bbox 512 2784 552 2841; x_wconf 88' lang='lat' dir='ltr'>tu,</span> <span class='ocrx_word' id='word_1_361' title='bbox 563 2782 647 2841; x_wconf 86' lang='lat' dir='ltr'>Esaia,</span> <span class='ocrx_word' id='word_1_362' title='bbox 660 2783 780 2843; x_wconf 83' lang='lat' dir='ltr'>interpre·</span> <span class='ocrx_word' id='word_1_363' title='bbox 804 2785 829 2830; x_wconf 91' lang='lat' dir='ltr'>et</span> <span class='ocrx_word' id='word_1_364' title='bbox 847 2783 892 2830; x_wconf 91' lang='lat' dir='ltr'>hoc</span> <span class='ocrx_word' id='word_1_365' title='bbox 912 2783 943 2830; x_wconf 91' lang='lat' dir='ltr'>ad</span> <span class='ocrx_word' id='word_1_366' title='bbox 958 2781 1088 2843; x_wconf 90' lang='lat' dir='ltr'>pertidiam</span> <span class='ocrx_word' id='word_1_367' title='bbox 1107 2779 1222 2842; x_wconf 85' lang='lat' dir='ltr'>derivas,</span> <span class='ocrx_word' id='word_1_368' title='bbox 1239 2783 1338 2840; x_wconf 85' lang='lat' dir='ltr'>propter</span> 
     </span>
     <span class='ocr_line' id='line_1_36' title="bbox 248 2848 1337 2913; baseline -0.003 -14"><span class='ocrx_word' id='word_1_369' title='bbox 248 2852 302 2899; x_wconf 86' lang='lat' dir='ltr'>tare</span> <span class='ocrx_word' id='word_1_370' title='bbox 312 2852 510 2913; x_wconf 87' lang='lat' dir='ltr'>nobisquomodn</span> <span class='ocrx_word' id='word_1_371' title='bbox 519 2865 545 2899; x_wconf 89' lang='lat' dir='ltr'>se</span> <span class='ocrx_word' id='word_1_372' title='bbox 554 2853 678 2899; x_wconf 85' lang='lat' dir='ltr'>dolentem</span> <span class='ocrx_word' id='word_1_373' title='bbox 688 2852 780 2901; x_wconf 88' lang='lat' dir='ltr'>dixerit</span> <span class='ocrx_word' id='word_1_374' title='bbox 804 2853 867 2910; x_wconf 77' lang='lat' dir='ltr'>ipuod</span> <span class='ocrx_word' id='word_1_375' title='bbox 879 2853 956 2912; x_wconf 73' lang='lat' dir='ltr'>magis</span> <span class='ocrx_word' id='word_1_376' title='bbox 967 2850 1067 2898; x_wconf 86' lang='lat' dir='ltr'>credere</span> <span class='ocrx_word' id='word_1_377' title='bbox 1079 2848 1200 2897; x_wconf 88' lang='lat' dir='ltr'>debuisti.</span> <span class='ocrx_word' id='word_1_378' title='bbox 1211 2849 1252 2896; x_wconf 76' lang='lat' dir='ltr'>nd</span> <span class='ocrx_word' id='word_1_379' title='bbox 1260 2851 1289 2896; x_wconf 88' lang='lat' dir='ltr'>te</span> <span class='ocrx_word' id='word_1_380' title='bbox 1298 2861 1337 2896; x_wconf 85' lang='lat' dir='ltr'>ro·</span> 
     </span>
     <span class='ocr_line' id='line_1_37' title="bbox 245 2917 1337 2982; baseline -0.005 -14"><span class='ocrx_word' id='word_1_381' title='bbox 245 2922 370 2980; x_wconf 74' lang='lat' dir='ltr'>Christus,</span> <span class='ocrx_word' id='word_1_382' title='bbox 381 2924 425 2982; x_wconf 90' lang='lat' dir='ltr'>qui</span> <span class='ocrx_word' id='word_1_383' title='bbox 442 2922 538 2969; x_wconf 92' lang='lat' dir='ltr'>dolores</span> <span class='ocrx_word' id='word_1_384' title='bbox 548 2922 682 2967; x_wconf 80' lang='lat' dir='ltr'>vulnerum</span> <span class='ocrx_word' id='word_1_385' title='bbox 694 2933 780 2968; x_wconf 87' lang='lat' dir='ltr'>sanare</span> <span class='ocrx_word' id='word_1_386' title='bbox 804 2921 908 2967; x_wconf 89' lang='lat' dir='ltr'>candum</span> <span class='ocrx_word' id='word_1_387' title='bbox 919 2920 1001 2978; x_wconf 82' lang='lat' dir='ltr'>venit,</span> <span class='ocrx_word' id='word_1_388' title='bbox 1013 2920 1038 2966; x_wconf 93' lang='lat' dir='ltr'>ct</span> <span class='ocrx_word' id='word_1_389' title='bbox 1049 2917 1208 2966; x_wconf 77' lang='lat' dir='ltr'>conviciaris.</span> <span class='ocrx_word' id='word_1_390' title='bbox 1220 2919 1260 2964; x_wconf 90' lang='lat' dir='ltr'>Ex</span> <span class='ocrx_word' id='word_1_391' title='bbox 1270 2918 1337 2966; x_wconf 89' lang='lat' dir='ltr'>utero</span> 
     </span>
     <span class='ocr_line' id='line_1_38' title="bbox 247 2986 1336 3064; baseline -0.006 -26"><span class='ocrx_word' id='word_1_392' title='bbox 247 2991 385 3040; x_wconf 82' lang='lat' dir='ltr'>cousuevit.</span> <span class='ocrx_word' id='word_1_393' title='bbox 401 2991 511 3038; x_wconf 86' lang='lat' dir='ltr'>Medicus</span> <span class='ocrx_word' id='word_1_394' title='bbox 530 2989 614 3048; x_wconf 82' lang='lat' dir='ltr'>venit,</span> <span class='ocrx_word' id='word_1_395' title='bbox 632 2990 662 3036; x_wconf 90' lang='lat' dir='ltr'>ut</span> <span class='ocrx_word' id='word_1_396' title='bbox 683 2991 781 3037; x_wconf 87' lang='lat' dir='ltr'>curaret</span> <span class='ocrx_word' id='word_1_397' title='bbox 791 3000 901 3064; x_wconf 79' lang='lat' dir='ltr'>¹servum</span> <span class='ocrx_word' id='word_1_398' title='bbox 910 3001 936 3035; x_wconf 85' lang='lat' dir='ltr'>se</span> <span class='ocrx_word' id='word_1_399' title='bbox 944 2988 1018 3034; x_wconf 86' lang='lat' dir='ltr'>dixit.</span> <span class='ocrx_word' id='word_1_400' title='bbox 1027 2986 1236 3045; x_wconf 70' lang='lat' dir='ltr'>Audi,1lrriane‚</span> <span class='ocrx_word' id='word_1_401' title='bbox 1246 2997 1336 3046; x_wconf 81' lang='lat' dir='ltr'>exque</span> 
     </span>
     <span class='ocr_line' id='line_1_39' title="bbox 247 3056 1336 3122; baseline -0.008 -12"><span class='ocrx_word' id='word_1_402' title='bbox 247 3074 324 3122; x_wconf 74' lang='lat' dir='ltr'>aegros</span> <span class='ocrx_word' id='word_1_403' title='bbox 336 3074 342 3106; x_wconf 75' lang='grc' dir='ltr'><strong><em>ε</em></strong></span> <span class='ocrx_word' id='word_1_404' title='bbox 354 3060 413 3120; x_wconf 90' lang='lat' dir='ltr'>quid</span> <span class='ocrx_word' id='word_1_405' title='bbox 424 3061 476 3121; x_wconf 94' lang='lat' dir='ltr'>ipse</span> <span class='ocrx_word' id='word_1_406' title='bbox 494 3059 580 3106; x_wconf 88' lang='lat' dir='ltr'>habuit</span> <span class='ocrx_word' id='word_1_407' title='bbox 590 3058 656 3118; x_wconf 90' lang='lat' dir='ltr'>quod</span> <span class='ocrx_word' id='word_1_408' title='bbox 666 3058 781 3105; x_wconf 77' lang='lat' dir='ltr'>doleret?</span> <span class='ocrx_word' id='word_1_409' title='bbox 805 3059 874 3104; x_wconf 79' lang='lat' dir='ltr'>utero</span> <span class='ocrx_word' id='word_1_410' title='bbox 891 3071 897 3103; x_wconf 94' lang='lat'><strong>:</strong></span> <span class='ocrx_word' id='word_1_411' title='bbox 915 3057 1044 3118; x_wconf 91' lang='lat' dir='ltr'>paululum</span> <span class='ocrx_word' id='word_1_412' title='bbox 1063 3067 1136 3115; x_wconf 89' lang='lat' dir='ltr'>supra</span> <span class='ocrx_word' id='word_1_413' title='bbox 1152 3066 1257 3102; x_wconf 86' lang='lat' dir='ltr'>recurre</span> <span class='ocrx_word' id='word_1_414' title='bbox 1276 3068 1284 3101; x_wconf 76' lang='grc' dir='ltr'><strong>ε</strong></span> <span class='ocrx_word' id='word_1_415' title='bbox 1300 3056 1336 3101; x_wconf 79' lang='lat' dir='ltr'>Ec</span> 
     </span>
     <span class='ocr_line' id='line_1_40' title="bbox 247 3125 1335 3187; baseline -0.004 -11"><span class='ocrx_word' id='word_1_416' title='bbox 247 3130 381 3177; x_wconf 77' lang='lat' dir='ltr'>Audiamus</span> <span class='ocrx_word' id='word_1_417' title='bbox 402 3129 478 3176; x_wconf 90' lang='lat' dir='ltr'>etiam</span> <span class='ocrx_word' id='word_1_418' title='bbox 500 3128 577 3174; x_wconf 70' lang='lat' dir='ltr'>Esaiae</span> <span class='ocrx_word' id='word_1_419' title='bbox 601 3126 779 3174; x_wconf 88' lang='lat' dir='ltr'>testimonium.</span> <span class='ocrx_word' id='word_1_420' title='bbox 805 3126 1085 3187; x_wconf 83' lang='lat' dir='ltr'>atero,inquit,malrts</span> <span class='ocrx_word' id='word_1_421' title='bbox 1099 3137 1171 3180; x_wconf 73' lang='lat' dir='ltr'>meae,</span> <span class='ocrx_word' id='word_1_422' title='bbox 1187 3125 1335 3172; x_wconf 72' lang='lat' dir='ltr'>vocavana</span> 
     </span>
     <span class='ocr_line' id='line_1_41' title="bbox 246 3190 1336 3257; baseline -0.009 -11"><span class='ocrx_word' id='word_1_423' title='bbox 246 3200 295 3246; x_wconf 84' lang='lat' dir='ltr'>Pro</span> <span class='ocrx_word' id='word_1_424' title='bbox 307 3199 385 3256; x_wconf 81' lang='lat' dir='ltr'>nobis,</span> <span class='ocrx_word' id='word_1_425' title='bbox 398 3197 493 3257; x_wconf 89' lang='lat' dir='ltr'>inquit,</span> <span class='ocrx_word' id='word_1_426' title='bbox 505 3198 581 3256; x_wconf 79' lang='lat' dir='ltr'>dolot3</span> <span class='ocrx_word' id='word_1_427' title='bbox 593 3199 615 3243; x_wconf 86' lang='lat' dir='ltr'>el</span> <span class='ocrx_word' id='word_1_428' title='bbox 624 3209 667 3243; x_wconf 82' lang='lat' dir='ltr'>aaa</span> <span class='ocrx_word' id='word_1_429' title='bbox 677 3199 781 3243; x_wconf 77' lang='lat' dir='ltr'>aestima·</span> <span class='ocrx_word' id='word_1_430' title='bbox 805 3199 880 3244; x_wconf 84' lang='lat' dir='ltr'>minus</span> <span class='ocrx_word' id='word_1_431' title='bbox 894 3208 980 3242; x_wconf 84' lang='lat' dir='ltr'>aamca</span> <span class='ocrx_word' id='word_1_432' title='bbox 994 3193 1081 3240; x_wconf 74' lang='lat' dir='ltr'>meam.</span> <span class='ocrx_word' id='word_1_433' title='bbox 1091 3190 1162 3249; x_wconf 82' lang='lat' dir='ltr'>Quod</span> <span class='ocrx_word' id='word_1_434' title='bbox 1179 3190 1336 3247; x_wconf 72' lang='lat' dir='ltr'>nomenoius</span> 
     </span>
     <span class='ocr_line' id='line_1_42' title="bbox 246 3257 1334 3324; baseline -0.007 -11"><span class='ocrx_word' id='word_1_435' title='bbox 246 3268 320 3314; x_wconf 83' lang='lat' dir='ltr'>nimus</span> <span class='ocrx_word' id='word_1_436' title='bbox 338 3279 392 3312; x_wconf 86' lang='lat' dir='ltr'>cam</span> <span class='ocrx_word' id='word_1_437' title='bbox 402 3281 449 3314; x_wconf 82' lang='lat' dir='ltr'>esse</span> <span class='ocrx_word' id='word_1_438' title='bbox 467 3269 492 3312; x_wconf 85' lang='lat' dir='ltr'>ia</span> <span class='ocrx_word' id='word_1_439' title='bbox 507 3266 634 3311; x_wconf 82' lang='lat' dir='ltr'>doloribus.</span> <span class='ocrx_word' id='word_1_440' title='bbox 653 3265 781 3323; x_wconf 85' lang='lat' dir='ltr'>Expressit</span> <span class='ocrx_word' id='word_1_441' title='bbox 804 3266 848 3324; x_wconf 88' lang='lat' dir='ltr'>sit,</span> <span class='ocrx_word' id='word_1_442' title='bbox 860 3263 1001 3320; x_wconf 88' lang='lat' dir='ltr'>audiamus,</span> <span class='ocrx_word' id='word_1_443' title='bbox 1012 3273 1061 3320; x_wconf 89' lang='lat' dir='ltr'>quo</span> <span class='ocrx_word' id='word_1_444' title='bbox 1072 3272 1129 3307; x_wconf 88' lang='lat' dir='ltr'>eum</span> <span class='ocrx_word' id='word_1_445' title='bbox 1139 3258 1214 3305; x_wconf 83' lang='lat' dir='ltr'>Pater</span> <span class='ocrx_word' id='word_1_446' title='bbox 1229 3257 1334 3307; x_wconf 80' lang='lat' dir='ltr'>vocavit.</span> 
     </span>
     <span class='ocr_line' id='line_1_43' title="bbox 246 3325 1335 3392; baseline -0.008 -12"><span class='ocrx_word' id='word_1_447' title='bbox 246 3334 338 3380; x_wconf 82' lang='lat' dir='ltr'>medici</span> <span class='ocrx_word' id='word_1_448' title='bbox 350 3334 478 3391; x_wconf 83' lang='lat' dir='ltr'>allectum,</span> <span class='ocrx_word' id='word_1_449' title='bbox 489 3333 532 3392; x_wconf 90' lang='lat' dir='ltr'>qui</span> <span class='ocrx_word' id='word_1_450' title='bbox 549 3333 646 3379; x_wconf 87' lang='lat' dir='ltr'>etiarnsi</span> <span class='ocrx_word' id='word_1_451' title='bbox 659 3332 712 3390; x_wconf 89' lang='lat' dir='ltr'>ipse</span> <span class='ocrx_word' id='word_1_452' title='bbox 724 3333 781 3379; x_wconf 89' lang='lat' dir='ltr'>uul—</span> <span class='ocrx_word' id='word_1_453' title='bbox 803 3334 862 3378; x_wconf 82' lang='lat' dir='ltr'>Ecce</span> <span class='ocrx_word' id='word_1_454' title='bbox 883 3333 947 3391; x_wconf 76' lang='lat' dir='ltr'>uirpa</span> <span class='ocrx_word' id='word_1_455' title='bbox 966 3333 991 3377; x_wconf 84' lang='lat' dir='ltr'>in</span> <span class='ocrx_word' id='word_1_456' title='bbox 1007 3333 1073 3377; x_wconf 84' lang='lat' dir='ltr'>atera</span> <span class='ocrx_word' id='word_1_457' title='bbox 1092 3327 1202 3387; x_wconf 82' lang='lat' dir='ltr'>accipiet,</span> <span class='ocrx_word' id='word_1_458' title='bbox 1223 3328 1246 3373; x_wconf 83' lang='lat' dir='ltr'>et</span> <span class='ocrx_word' id='word_1_459' title='bbox 1261 3325 1335 3386; x_wconf 77' lang='lat' dir='ltr'>periet</span> 
     </span>
     <span class='ocr_line' id='line_1_44' title="bbox 245 3395 1333 3459; baseline -0.006 -13"><span class='ocrx_word' id='word_1_460' title='bbox 245 3399 298 3447; x_wconf 91' lang='lat' dir='ltr'>lum</span> <span class='ocrx_word' id='word_1_461' title='bbox 307 3402 397 3447; x_wconf 86' lang='lat' dir='ltr'>vulnus</span> <span class='ocrx_word' id='word_1_462' title='bbox 409 3401 496 3447; x_wconf 87' lang='lat' dir='ltr'>habuit</span> <span class='ocrx_word' id='word_1_463' title='bbox 505 3400 570 3459; x_wconf 92' lang='lat' dir='ltr'>qnod</span> <span class='ocrx_word' id='word_1_464' title='bbox 578 3399 673 3446; x_wconf 89' lang='lat' dir='ltr'>doleret</span> <span class='ocrx_word' id='word_1_465' title='bbox 679 3401 779 3456; x_wconf 85' lang='lat' dir='ltr'>,tamen</span> <span class='ocrx_word' id='word_1_466' title='bbox 801 3401 889 3458; x_wconf 71' lang='lat' dir='ltr'>filiam,</span> <span class='ocrx_word' id='word_1_467' title='bbox 902 3399 1056 3447; x_wconf 86' lang='lat' dir='ltr'>etvocabitur</span> <span class='ocrx_word' id='word_1_468' title='bbox 1073 3408 1158 3443; x_wconf 81' lang='lat' dir='ltr'>nomen</span> <span class='ocrx_word' id='word_1_469' title='bbox 1173 3395 1224 3455; x_wconf 68' lang='lat' dir='ltr'>eius</span> <span class='ocrx_word' id='word_1_470' title='bbox 1233 3395 1333 3441; x_wconf 79' lang='lat' dir='ltr'>Emma-</span> 
     </span>
     <span class='ocr_line' id='line_1_45' title="bbox 247 3463 1334 3529; baseline -0.006 -14"><span class='ocrx_word' id='word_1_471' title='bbox 247 3480 388 3527; x_wconf 86' lang='lat' dir='ltr'>oompassus</span> <span class='ocrx_word' id='word_1_472' title='bbox 399 3472 436 3514; x_wconf 89' lang='lat' dir='ltr'>est</span> <span class='ocrx_word' id='word_1_473' title='bbox 447 3468 591 3515; x_wconf 85' lang='lat' dir='ltr'>vulneratis.</span> <span class='ocrx_word' id='word_1_474' title='bbox 605 3468 655 3514; x_wconf 90' lang='lat' dir='ltr'>lloc</span> <span class='ocrx_word' id='word_1_475' title='bbox 666 3467 743 3526; x_wconf 77' lang='lat' dir='ltr'>igitur</span> <span class='ocrx_word' id='word_1_476' title='bbox 753 3469 780 3516; x_wconf 90' lang='lat' dir='ltr'>in</span> <span class='ocrx_word' id='word_1_477' title='bbox 803 3471 869 3516; x_wconf 82' lang='lat' dir='ltr'>auct.-</span> <span class='ocrx_word' id='word_1_478' title='bbox 878 3468 1119 3529; x_wconf 79' lang='lat' dir='ltr'>quodiaterprctatar,</span> <span class='ocrx_word' id='word_1_479' title='bbox 1128 3463 1334 3511; x_wconf 77' lang='lat' dir='ltr'>Nobiecachur.</span> 
     </span>
     <span class='ocr_line' id='line_1_46' title="bbox 245 3533 1334 3598; baseline -0.005 -15"><span class='ocrx_word' id='word_1_480' title='bbox 245 3539 339 3598; x_wconf 87' lang='lat' dir='ltr'>psalmo</span> <span class='ocrx_word' id='word_1_481' title='bbox 365 3539 485 3584; x_wconf 91' lang='lat' dir='ltr'>Dominus</span> <span class='ocrx_word' id='word_1_482' title='bbox 505 3537 639 3596; x_wconf 86' lang='lat' dir='ltr'>exprobrat</span> <span class='ocrx_word' id='word_1_483' title='bbox 661 3537 753 3585; x_wconf 76' lang='lat' dir='ltr'>ludaeis</span> <span class='ocrx_word' id='word_1_484' title='bbox 771 3551 778 3584; x_wconf 74' lang='lat' dir='ltr'>a</span> <span class='ocrx_word' id='word_1_485' title='bbox 802 3539 870 3596; x_wconf 84' lang='lat' dir='ltr'>Quod</span> <span class='ocrx_word' id='word_1_486' title='bbox 881 3537 948 3584; x_wconf 92' lang='lat' dir='ltr'>enim</span> <span class='ocrx_word' id='word_1_487' title='bbox 960 3537 1028 3583; x_wconf 89' lang='lat' dir='ltr'>alind</span> <span class='ocrx_word' id='word_1_488' title='bbox 1038 3535 1087 3582; x_wconf 91' lang='lat' dir='ltr'>nisi</span> <span class='ocrx_word' id='word_1_489' title='bbox 1099 3533 1176 3580; x_wconf 79' lang='lat' dir='ltr'>Filius</span> <span class='ocrx_word' id='word_1_490' title='bbox 1187 3533 1234 3578; x_wconf 88' lang='lat' dir='ltr'>Dei</span> <span class='ocrx_word' id='word_1_491' title='bbox 1245 3541 1334 3578; x_wconf 79' lang='lat' dir='ltr'>noman</span> 
     </span>
     <span class='ocr_line' id='line_1_47' title="bbox 245 3598 1334 3667; baseline -0.007 -14"><span class='ocrx_word' id='word_1_492' title='bbox 245 3609 294 3667; x_wconf 79' lang='lat' dir='ltr'>Ego</span> <span class='ocrx_word' id='word_1_493' title='bbox 307 3610 407 3667; x_wconf 91' lang='lat' dir='ltr'>propter</span> <span class='ocrx_word' id='word_1_494' title='bbox 417 3620 460 3654; x_wconf 85' lang='lat' dir='ltr'>vos</span> <span class='ocrx_word' id='word_1_495' title='bbox 470 3619 580 3666; x_wconf 87' lang='lat' dir='ltr'>pauper,</span> <span class='ocrx_word' id='word_1_496' title='bbox 593 3619 638 3666; x_wconf 76' lang='lat' dir='ltr'>ego</span> <span class='ocrx_word' id='word_1_497' title='bbox 654 3619 699 3667; x_wconf 90' lang='lat' dir='ltr'>pro</span> <span class='ocrx_word' id='word_1_498' title='bbox 709 3608 779 3654; x_wconf 82' lang='lat' dir='ltr'>robis</span> <span class='ocrx_word' id='word_1_499' title='bbox 803 3608 839 3654; x_wconf 87' lang='lat' dir='ltr'>est</span> <span class='ocrx_word' id='word_1_500' title='bbox 849 3605 954 3654; x_wconf 78' lang='lat' dir='ltr'>Christi?</span> <span class='ocrx_word' id='word_1_501' title='bbox 964 3606 1055 3664; x_wconf 78' lang='lat' dir='ltr'>Accipe</span> <span class='ocrx_word' id='word_1_502' title='bbox 1070 3601 1147 3650; x_wconf 89' lang='lat' dir='ltr'>aliud.</span> <span class='ocrx_word' id='word_1_503' title='bbox 1159 3600 1268 3648; x_wconf 85' lang='lat' dir='ltr'>Dixerat</span> <span class='ocrx_word' id='word_1_504' title='bbox 1282 3598 1334 3660; x_wconf 67' lang='lat' dir='ltr'>qni</span> 
     </span>
     <span class='ocr_line' id='line_1_48' title="bbox 246 3664 1332 3746; baseline -0.006 -25"><span class='ocrx_word' id='word_1_505' title='bbox 246 3676 345 3734; x_wconf 89' lang='lat' dir='ltr'>dolens,</span> <span class='ocrx_word' id='word_1_506' title='bbox 355 3678 380 3724; x_wconf 88' lang='lat' dir='ltr'>et</span> <span class='ocrx_word' id='word_1_507' title='bbox 390 3689 433 3724; x_wconf 81' lang='lat' dir='ltr'>vos</span> <span class='ocrx_word' id='word_1_508' title='bbox 443 3678 507 3723; x_wconf 87' lang='lat' dir='ltr'>milri</span> <span class='ocrx_word' id='word_1_509' title='bbox 518 3689 604 3723; x_wconf 84' lang='lat' dir='ltr'>manus</span> <span class='ocrx_word' id='word_1_510' title='bbox 615 3677 703 3736; x_wconf 89' lang='lat' dir='ltr'>impias</span> <span class='ocrx_word' id='word_1_511' title='bbox 713 3676 779 3725; x_wconf 92' lang='lat' dir='ltr'>intu-</span> <span class='ocrx_word' id='word_1_512' title='bbox 802 3676 858 3722; x_wconf 90' lang='lat' dir='ltr'>dem</span> <span class='ocrx_word' id='word_1_513' title='bbox 874 3677 900 3722; x_wconf 87' lang='lat' dir='ltr'>et</span> <span class='ocrx_word' id='word_1_514' title='bbox 917 3674 1016 3720; x_wconf 84' lang='lat' dir='ltr'>Gabriel</span> <span class='ocrx_word' id='word_1_515' title='bbox 1033 3671 1064 3719; x_wconf 86' lang='lat' dir='ltr'>nd</span> <span class='ocrx_word' id='word_1_516' title='bbox 1082 3666 1173 3730; x_wconf 81' lang='lat' dir='ltr'>loseph</span> <span class='ocrx_word' id='word_1_517' title='bbox 1189 3668 1222 3716; x_wconf 89' lang='lat' dir='ltr'>dc</span> <span class='ocrx_word' id='word_1_518' title='bbox 1240 3664 1332 3746; x_wconf 61' lang='lat' dir='ltr'>Marta:</span> 
     </span>
     <span class='ocr_line' id='line_1_49' title="bbox 245 3740 1332 3806; baseline -0.008 -16"><span class='ocrx_word' id='word_1_519' title='bbox 245 3742 309 3792; x_wconf 85' lang='lat' dir='ltr'>listis</span> <span class='ocrx_word' id='word_1_520' title='bbox 326 3745 454 3792; x_wconf 88' lang='lat' dir='ltr'>dicentes:</span> <span class='ocrx_word' id='word_1_521' title='bbox 471 3747 590 3793; x_wconf 84' lang='lat' dir='ltr'>Tollamas</span> <span class='ocrx_word' id='word_1_522' title='bbox 603 3745 778 3806; x_wconf 53' lang='lat' dir='ltr'>justamque</span> <span class='ocrx_word' id='word_1_523' title='bbox 803 3748 882 3792; x_wconf 82' lang='lat' dir='ltr'>Portet</span> <span class='ocrx_word' id='word_1_524' title='bbox 904 3745 993 3802; x_wconf 76' lang='lat' dir='ltr'>filinam,</span> <span class='ocrx_word' id='word_1_525' title='bbox 1017 3744 1040 3789; x_wconf 88' lang='lat' dir='ltr'>ct</span> <span class='ocrx_word' id='word_1_526' title='bbox 1061 3740 1151 3788; x_wconf 86' lang='lat' dir='ltr'>vocabit</span> <span class='ocrx_word' id='word_1_527' title='bbox 1171 3750 1261 3786; x_wconf 80' lang='lat' dir='ltr'>nomen</span> <span class='ocrx_word' id='word_1_528' title='bbox 1284 3745 1332 3796; x_wconf 73' lang='lat' dir='ltr'>opat</span> 
     </span>
     <span class='ocr_line' id='line_1_50' title="bbox 244 3803 1333 3876; baseline -0.008 -15"><span class='ocrx_word' id='word_1_529' title='bbox 244 3816 334 3862; x_wconf 79' lang='lat' dir='ltr'>inutilis</span> <span class='ocrx_word' id='word_1_530' title='bbox 349 3819 383 3863; x_wconf 85' lang='lat' dir='ltr'>cst</span> <span class='ocrx_word' id='word_1_531' title='bbox 398 3816 473 3863; x_wconf 81' lang='lat' dir='ltr'>nobis.</span> <span class='ocrx_word' id='word_1_532' title='bbox 490 3815 629 3874; x_wconf 77' lang='lat' dir='ltr'>injiciannas</span> <span class='ocrx_word' id='word_1_533' title='bbox 646 3817 735 3876; x_wconf 69' lang='lat' dir='ltr'>tiae-aar</span> <span class='ocrx_word' id='word_1_534' title='bbox 753 3819 777 3863; x_wconf 83' lang='lat' dir='ltr'>in</span> <span class='ocrx_word' id='word_1_535' title='bbox 801 3817 888 3862; x_wconf 77' lang='lat' dir='ltr'>lesam.</span> <span class='ocrx_word' id='word_1_536' title='bbox 901 3812 990 3871; x_wconf 81' lang='lat' dir='ltr'>Accipe</span> <span class='ocrx_word' id='word_1_537' title='bbox 1007 3810 1054 3856; x_wconf 87' lang='lat' dir='ltr'>Dei</span> <span class='ocrx_word' id='word_1_538' title='bbox 1069 3819 1166 3856; x_wconf 88' lang='lat' dir='ltr'>vocem.</span> <span class='ocrx_word' id='word_1_539' title='bbox 1177 3808 1212 3853; x_wconf 86' lang='lat' dir='ltr'>Et</span> <span class='ocrx_word' id='word_1_540' title='bbox 1225 3808 1254 3853; x_wconf 86' lang='lat' dir='ltr'>ut</span> <span class='ocrx_word' id='word_1_541' title='bbox 1265 3803 1333 3853; x_wconf 80' lang='lat' dir='ltr'>nal·</span> 
     </span>
     <span class='ocr_line' id='line_1_51' title="bbox 190 3873 1334 3950; baseline -0.008 -20"><span class='ocrx_word' id='word_1_542' title='bbox 190 3907 193 3912; x_wconf 91' lang='lat'>·</span> <span class='ocrx_word' id='word_1_543' title='bbox 243 3884 569 3946; x_wconf 77' lang='lat' dir='ltr'>pnoanejas.Benepanem</span> <span class='ocrx_word' id='word_1_544' title='bbox 579 3884 776 3942; x_wconf 84' lang='lat' dir='ltr'>dixitprocarne</span> <span class='ocrx_word' id='word_1_545' title='bbox 801 3883 966 3938; x_wconf 66' lang='lat' dir='ltr'>incentatore,</span> <span class='ocrx_word' id='word_1_546' title='bbox 979 3894 1061 3927; x_wconf 82' lang='lat' dir='ltr'>nones</span> <span class='ocrx_word' id='word_1_547' title='bbox 1077 3878 1177 3925; x_wconf 84' lang='lat' dir='ltr'>minima</span> <span class='ocrx_word' id='word_1_548' title='bbox 1193 3877 1258 3922; x_wconf 77' lang='lat' dir='ltr'>inter</span> <span class='ocrx_word' id='word_1_549' title='bbox 1269 3873 1334 3950; x_wconf 74' lang='lat' dir='ltr'>prull-¹</span> 
     </span>
     <span class='ocr_line' id='line_1_52' title="bbox 245 3945 1334 4014; baseline -0.007 -15"><span class='ocrx_word' id='word_1_550' title='bbox 245 3951 310 4009; x_wconf 86' lang='lat' dir='ltr'>ejns.</span> <span class='ocrx_word' id='word_1_551' title='bbox 325 3952 371 3999; x_wconf 92' lang='lat' dir='ltr'>lile</span> <span class='ocrx_word' id='word_1_552' title='bbox 389 3952 536 4000; x_wconf 89' lang='lat' dir='ltr'>alimentum</span> <span class='ocrx_word' id='word_1_553' title='bbox 554 3951 657 4010; x_wconf 88' lang='lat' dir='ltr'>detulit,</span> <span class='ocrx_word' id='word_1_554' title='bbox 669 3949 713 4014; x_wconf 77' lang='lat' dir='ltr'>&#39;isti</span> <span class='ocrx_word' id='word_1_555' title='bbox 732 3966 776 4011; x_wconf 88' lang='lat' dir='ltr'>pro</span> <span class='ocrx_word' id='word_1_556' title='bbox 801 3953 859 4011; x_wconf 82' lang='lat' dir='ltr'>elpes</span> <span class='ocrx_word' id='word_1_557' title='bbox 868 3951 944 4009; x_wconf 63' lang='lat' dir='ltr'>lanan</span> <span class='ocrx_word' id='word_1_558' title='bbox 956 3962 986 3996; x_wconf 79' lang='lat' dir='ltr'>cx</span> <span class='ocrx_word' id='word_1_559' title='bbox 998 3952 1019 3996; x_wconf 86' lang='lat' dir='ltr'>tc</span> <span class='ocrx_word' id='word_1_560' title='bbox 1031 3949 1091 3994; x_wconf 83' lang='lat' dir='ltr'>caim</span> <span class='ocrx_word' id='word_1_561' title='bbox 1102 3946 1164 3993; x_wconf 83' lang='lat' dir='ltr'>caniet</span> <span class='ocrx_word' id='word_1_562' title='bbox 1172 3945 1288 4003; x_wconf 65' lang='lat' dir='ltr'>Ponam</span> <span class='ocrx_word' id='word_1_563' title='bbox 1297 3953 1334 4002; x_wconf 71' lang='lat' dir='ltr'>nul</span> 
     </span>
     <span class='ocr_line' id='line_1_53' title="bbox 245 4008 1334 4081; baseline -0.008 -13"><span class='ocrx_word' id='word_1_564' title='bbox 245 4018 365 4068; x_wconf 83' lang='lat' dir='ltr'>beneficio</span> <span class='ocrx_word' id='word_1_565' title='bbox 376 4022 485 4068; x_wconf 86' lang='lat' dir='ltr'>retulere</span> <span class='ocrx_word' id='word_1_566' title='bbox 495 4020 654 4081; x_wconf 89' lang='lat' dir='ltr'>supplicium.</span> <span class='ocrx_word' id='word_1_567' title='bbox 664 4021 718 4067; x_wconf 88' lang='lat' dir='ltr'>Non</span> <span class='ocrx_word' id='word_1_568' title='bbox 729 4021 776 4068; x_wconf 88' lang='lat' dir='ltr'>mi·</span> <span class='ocrx_word' id='word_1_569' title='bbox 800 4020 867 4080; x_wconf 74' lang='lat' dir='ltr'>repat</span> <span class='ocrx_word' id='word_1_570' title='bbox 890 4019 1002 4078; x_wconf 80' lang='lat' dir='ltr'>papulum</span> <span class='ocrx_word' id='word_1_571' title='bbox 1018 4027 1105 4062; x_wconf 69' lang='lat' dir='ltr'>anam.</span> <span class='ocrx_word' id='word_1_572' title='bbox 1118 4010 1226 4063; x_wconf 75' lang='lat' dir='ltr'>aduena</span> <span class='ocrx_word' id='word_1_573' title='bbox 1237 4008 1334 4070; x_wconf 67' lang='lat' dir='ltr'>‚myssa</span> 
     </span>
     <span class='ocr_line' id='line_1_54' title="bbox 243 4078 1333 4150; baseline -0.008 -14"><span class='ocrx_word' id='word_1_574' title='bbox 243 4083 301 4136; x_wconf 88' lang='lat' dir='ltr'>&#39;rum</span> <span class='ocrx_word' id='word_1_575' title='bbox 320 4102 378 4150; x_wconf 78' lang='lat' dir='ltr'>erpo</span> <span class='ocrx_word' id='word_1_576' title='bbox 401 4089 422 4139; x_wconf 88' lang='lat' dir='ltr'>si</span> <span class='ocrx_word' id='word_1_577' title='bbox 440 4087 566 4149; x_wconf 76' lang='lat' dir='ltr'>esuriunt,</span> <span class='ocrx_word' id='word_1_578' title='bbox 584 4088 626 4150; x_wconf 89' lang='lat' dir='ltr'>qui</span> <span class='ocrx_word' id='word_1_579' title='bbox 644 4087 693 4137; x_wconf 86' lang='lat' dir='ltr'>sibi</span> <span class='ocrx_word' id='word_1_580' title='bbox 717 4088 775 4137; x_wconf 80' lang='lat' dir='ltr'>vilae</span> <span class='ocrx_word' id='word_1_581' title='bbox 801 4079 1203 4144; x_wconf 72' lang='lat' dir='ltr'>riumzcxutcrovirginisidem</span> <span class='ocrx_word' id='word_1_582' title='bbox 1215 4078 1333 4128; x_wconf 69' lang='lat' dir='ltr'>etam</span> 
     </span>
    </p>
   </div>
   <div class='ocr_carea' id='block_1_3' title="bbox 0 0 1384 4790">
    <p class='ocr_par' dir='ltr' id='par_1_3' title="bbox 0 0 1384 4790">
     <span class='ocr_line' id='line_1_55' title="bbox 0 0 1384 4790; baseline 0 0"><span class='ocrx_word' id='word_1_583' title='bbox 0 0 1384 4790; x_wconf 95' lang='lat' dir='ltr'> </span> 
     </span>
    </p>
   </div>
  </div>
 </body>
</html>
