2760 4794
160 277 194 326 96
555 287 682 333 santur
695 287 862 334 nunnnslt

160 361 218 410 ldeo
229 357 356 413 caritatem
366 362 443 426 mepte
454 361 529 414 habet
539 365 566 415 in
580 365 691 427 clinno,
749 371 787 420 79.
799 371 829 419 et
839 371 881 430 tu,
896 369 918 421 si
927 368 1008 431 iustus
1019 381 1061 432 ee,
1073 368 1156 420 transl
1166 382 1183 418 a
1192 380 1268 433 pras·¹

159 444 233 493 quam
243 434 388 494 potestatem
398 435 425 483 in
438 434 545 484 diabolo.
560 436 634 484 Vides
650 449 692 484 ce·
717 439 864 487 sentitusad
875 438 1254 500 eaquetuturasunt,ettrans‹

158 499 231 547 druna
247 501 273 549 ln
288 501 371 550 moute
387 503 505 551 altissimo
519 504 691 563 superexalta-
717 505 789 555 ibunt
807 507 853 555 tibi
869 507 1008 568 prasentia.
1027 509 1118 558 celem
1142 511 1168 556 ct
1192 511 1255 557 terre

157 567 224 628 tam3
235 568 277 616 sed
288 570 363 617 vento
371 567 501 630 frangitur,
509 570 553 618 sed
563 570 615 631 igni
626 582 691 618 exn·
717 576 951 626 transituatcuerlao
967 579 1044 625 aalma
1057 591 1111 625 meo
1129 591 1254 639 ποιμα-

156 637 229 699 ritur,
240 638 283 686 sed
294 639 417 688 vetustate
428 639 570 689 dissolvltur
582 654 589 686 c
602 639 636 688 ita
652 643 691 690 est
717 645 825 693 ualeat.
841 646 910 692 Justo
927 658 985 704 erpo
1006 645 1089 693 omnia
1108 646 1253 695 transeunt.

155 705 262 755 diresin
277 709 376 757 seculo.
388 709 476 769 Fulget
490 710 592 770 quidem
606 712 690 771 splen·
716 712 813 762 Transit
827 713 933 775 impius,
944 713 1033 762 similis
1044 714 1156 763 vanitati
1167 715 1221 776 est,
1230 716 1255 763 et

155 774 213 824 dore
224 776 329 837 quodam
339 777 424 838 gratia
441 779 566 826 secularis
576 782 605 828 ut
616 781 690 827 Liba·
716 779 769 828 dies
785 782 839 841 eius
850 782 914 830 sicut
924 783 1012 830 umbra
1028 783 1197 843 praetereunt.
1207 784 1254 832 Nec

75 887 79 893 .
155 854 214 903 nus,
226 845 300 892 nixus
311 846 350 893 est
360 845 445 893 mundi
461 847 587 906 potentia,
603 848 689 906 opibus
715 849 794 896 solum
805 851 1027 910 pratereuntjusto
1038 850 1193 911 praescntia3
1211 851 1254 900 sed

155 913 181 961 ct
191 913 286 962 divitiis
296 915 414 963 exsultat.
422 915 527 963 Videtur
538 917 584 965 tibi
595 916 689 977 aliquid
716 916 791 964 etiam
805 932 862 967 cum
877 920 908 966 ad
924 932 1016 981 eaquae
1027 919 1086 968 aunt
1095 919 1205 980 futuru,
1216 920 1254 968 in·

155 984 452 1044 csse,anteqnamdieas:
465 987 687 1035 Donatemoideto.
714 986 906 1049 tenderit,1'am
927 989 975 1038 ista
1001 989 1171 1049 praetereunt.
1193 988 1253 1038 ndo

153 1051 223 1101 Sicut
244 1054 311 1102 enim
335 1056 428 1115 lloyses
449 1055 532 1102 animo
552 1056 578 1103 et
604 1059 688 1104 mente
714 1057 834 1115 quomodo
855 1057 922 1116 lusto
940 1057 1071 1118 prasentia
1092 1057 1250 1118 praeterierc.

154 1122 267 1171 transivit
278 1124 464 1184 materialia‚ct
472 1125 554 1172 Deum
565 1125 688 1174 viditcita
714 1125 802 1185 Utique
828 1127 981 1187 temporibus
1011 1124 1094 1174 David
1119 1126 1252 1186 prophelae

138 1191 180 1249 ,ct
193 1193 220 1239 tu
231 1194 252 1240 si
267 1194 377 1242 transeas
387 1194 461 1255 hinc,
476 1194 507 1241 ad
522 1195 569 1242 Dei
583 1195 688 1255 gratiam
713 1192 837 1254 Synagopa
858 1196 925 1253 erat,
946 1194 1053 1242 Ecclesia
1079 1206 1114 1242 ex
1132 1194 1252 1255 gentibus

153 1260 284 1320 vestigium
292 1263 342 1310 tuae
349 1263 440 1311 mentis
448 1263 581 1324 adtollens,
590 1264 687 1315 videbis
713 1273 761 1308 non
772 1263 825 1309 erat
833 1275 840 1309 a
848 1262 874 1310 et
884 1263 950 1310 idem
958 1262 1047 1310 tuturis
1056 1261 1131 1322 quasi
1140 1274 1252 1322 prasen-

153 1339 207 1375 eam
217 1331 282 1378 nilril
293 1343 346 1379 esse
356 1331 399 1391 qui
411 1331 438 1378 in
446 1331 494 1378 hac
505 1331 571 1379 terra
582 1332 629 1380 sibi
643 1345 687 1392 po·
712 1329 779 1378 tibus
789 1330 1006 1390 alciencensem,
1013 1333 1101 1391 pentec,
1108 1333 1193 1379 Decem
1200 1343 1252 1380 nce·

151 1398 306 1447 tentissimua
315 1399 455 1447 ridebatur.
469 1399 527 1447 ldeo
538 1401 627 1447 animas
637 1402 686 1448 tuae
712 1397 784 1445 tram.
793 1398 888 1446 Deinde
899 1411 972 1459 supra
980 1399 1016 1447 ait
1026 1411 1033 1446 t
1045 1399 1179 1448 Accendit
1188 1402 1250 1449 Deus

152 1469 316 1526 dicit,mentt
333 1470 382 1516 tuae
398 1468 460 1517 dicit
474 1470 543 1516 Deus
558 1471 684 1518 Verbum:
711 1465 736 1510 in
750 1466 901 1525 jubilatione.
913 1467 1037 1516 transivit
1050 1467 1169 1529 pertidiae
1189 1480 1249 1531 ven-
1285 1524 1287 1529 .

152 1537 212 1585 Ades
222 1537 267 1583 liae
281 1551 297 1584 a
311 1537 418 1595 titano,
429 1550 529 1597 sponso,
539 1539 593 1585 odes
607 1539 652 1586 too
670 1554 685 1586 o
711 1533 903 1596 contempora,
914 1547 964 1582 uon
980 1535 1070 1596 astate,
1084 1535 1130 1583 sed
1141 1536 1247 1586 menter

151 1606 267 1653 titano:
291 1605 402 1654 transitis
427 1608 450 1653 ct
471 1608 632 1666 pertransibis.
659 1607 685 1655 Si
712 1602 737 1649 et
754 1605 961 1653 resurrectionem
972 1605 1072 1652 Domini
1093 1607 1178 1654 multe
1191 1607 1248 1667 pest

151 1675 260 1722 transeas
270 1676 584 1737 saecularia,pertransibis
599 1677 630 1724 ad
641 1691 685 1738 pa·
710 1674 800 1721 saecnio
822 1674 944 1735 futurem,
966 1675 1007 1735 nia
1029 1673 1089 1722 fidei
1112 1674 1247 1724 iteratione

150 1743 268 1791 radisum.
289 1743 353 1791 dudi
370 1746 548 1792 transeuntem.
570 1748 683 1796 Memento
711 1743 845 1792 celebravit
857 1744 942 1792 diceus
958 1745 1075 1792 :Psellttc
1085 1747 1138 1792 Deo
1150 1749 1245 1806 nostro,

150 1813 214 1870 ruci,
230 1814 346 1870 Domine,
361 1827 415 1860 com
433 1815 523 1862 macra
543 1816 568 1862 ia
586 1829 684 1875 reposcos
709 1813 797 1872 psallite
818 1827 827 1860 .·
845 1816 936 1874 psallite
955 1815 1013 1874 liepc‘
1028 1816 1124 1871 nmtro,
1142 1816 1244 1876 metite

150 1884 226 1929 taam.
245 1878 309 1928 dudi
330 1881 422 1928 iterum
449 1881 682 1941 pertranseuntem:
709 1882 985 1943 Quasiinteressetipsis
992 1883 1083 1930 Christi
1092 1884 1118 1932 et
1125 1885 1245 1934 Ecclesia

151 1950 240 2008 Amen,
252 1963 321 1998 emsa
331 1951 380 1998 dico
391 1950 447 2009 ctos,
459 1947 528 2012 lodie,
536 1963 627 1999 mecum
637 1954 683 2001 eris
708 1950 826 2009 nuptialis
842 1952 936 2012 copulae
947 1952 1126 2013 sacramentis,
1144 1953 1184 2001 ita
1200 1954 1245 2003 tri-

149 2021 304 2080 ieporndiso.
709 2019 796 2076 pudiat
807 2021 832 2068 et
842 2020 941 2080 gaudet.
953 2022 1055 2068 Causam
1064 2034 1170 2082 quoque
1181 2024 1245 2072 cele·

180 2090 219 2137 78.
230 2088 295 2148 Quid
305 2087 359 2136 est:
370 2090 430 2136 Ecce
441 2101 489 2136 noa
500 2091 560 2136 erat
572 2090 600 2135 ln
615 2089 684 2149 prin·
709 2088 805 2139 irritatis
821 2092 942 2151 expressit
952 2090 1037 2139 dicens
1048 2103 1054 2138 :
1066 2084 1188 2152 &auocat
1197 2096 1244 2142 Do-

149 2157 214 2218 cipio
225 2157 312 2218 ntique
323 2158 432 2205 Verbum
445 2156 507 2203 erat.
519 2157 549 2204 dt
563 2157 607 2217 qui
621 2158 683 2207 Ver·
707 2160 786 2208 minus
795 2173 865 2220 anper
874 2172 966 2207 omnem
978 2163 1075 2207 terram.
1087 2161 1152 2220 Ergo
1168 2161 1243 2210 siros

148 2228 209 2276 Dum
224 2228 307 2288 videt,
323 2228 367 2287 qni
388 2227 513 2287 particeps
531 2227 606 2275 Verbi
628 2229 681 2291 est,
707 2228 896 2289 praetereamus,
917 2228 943 2275 et
961 2228 1008 2275 illa·
1016 2228 1170 2287 praeteriisse
1189 2243 1242 2290 que

148 2299 236 2359 utique
252 2298 279 2346 et
295 2298 347 2358 ipse
366 2298 416 2357 est;
435 2297 494 2358 quia
510 2298 619 2345 Verbum
636 2300 682 2348 Dei
708 2299 790 2346 lutura
806 2296 881 2358 sunt,
896 2297 967 2349 nobis
983 2297 1114 2358 ridentum
1131 2298 1164 2345 ut
1184 2299 1241 2351 siin

148 2378 247 2426 semper
257 2367 308 2427 est,
324 2366 350 2414 et
366 2377 446 2414 sermo
457 2365 500 2426 qui
511 2364 542 2412 de
557 2365 611 2425 ipso
628 2367 680 2426 est,
707 2366 844 2427 navigando
872 2367 964 2413 terram
989 2365 1145 2425 praetereas,
1170 2366 1239 2414 illam

147 2436 257 2484 nonest:
269 2437 344 2484 Estet
354 2448 417 2494 nou;
426 2435 484 2482 seda
496 2436 550 2494 Est;
563 2437 588 2483 et
598 2437 682 2484 menet
707 2445 804 2493 quoque
822 2432 908 2481 videas
926 2432 1070 2493 praeterire,
1092 2432 1119 2480 et
1137 2432 1212 2493 qnasi
1226 2445 1240 2482 a

147 2505 175 2551 iu
189 2518 219 2553 eo
235 2506 279 2564 qui
297 2505 410 2565 sequitur
427 2505 517 2551 Deum.
535 2504 583 2562 Qui
598 2505 681 2552 autem
707 2501 732 2549 te
744 2502 879 2550 discedere.
892 2501 961 2561 Sapo
977 2500 1073 2559 nautae,
1085 2500 1199 2550 maxime
1214 2501 1239 2550 in

148 2573 228 2620 noscit
246 2572 375 2631 Verbum,
396 2583 446 2619 non
473 2574 528 2630 est;
548 2572 607 2631 quia
631 2585 680 2621 non
706 2570 870 2630 tempestate,
882 2570 1097 2630 lugiuntterram3
1109 2570 1135 2618 et
1154 2571 1239 2618 tamen

147 2640 257 2687 adhaeret
267 2639 291 2686 ei
301 2639 345 2699 qui
355 2639 420 2687 dixit
429 2652 436 2686 a
446 2641 496 2699 Epo
506 2653 558 2686 sam
569 2641 609 2699 qut
618 2645 679 2690 aum.
706 2652 763 2686 cum
769 2653 824 2686 eam
830 2639 927 2699 tugiunt
932 2638 1084 2697 navigantes,
1094 2638 1147 2697 ipsa
1156 2639 1239 2699 potina

147 2708 195 2765 Qui
203 2709 287 2755 autem
295 2706 404 2754 adhaeret
412 2706 445 2767 ei,
453 2707 624 2766 unusspiritus
633 2709 678 2757 est.
706 2708 790 2768 fugere
802 2709 902 2756 videtur
912 2720 926 2754 a
936 2707 1117 2767 navigantibus.
1128 2709 1160 2754 nt
1175 2709 1203 2755 tu
1218 2707 1239 2756 si

146 2772 193 2823 Ulri
212 2778 296 2824 autem
313 2775 428 2836 spiritus,
444 2776 481 2822 ibi
497 2776 523 2823 et
540 2776 600 2824 vita.
622 2778 679 2827 ldeo
705 2776 784 2836 fugias
798 2776 917 2824 mundum
930 2777 1009 2834 hunc,
1022 2775 1047 2822 et
1061 2774 1115 2834 ipse
1129 2775 1157 2822 te
1178 2776 1239 2823 eltu-

146 2846 193 2894 tini
201 2847 263 2894 dicit
272 2846 397 2906 Scriptura
406 2846 437 2893 de
446 2846 499 2892 Deo
510 2859 516 2892 :
527 2849 573 2908 Qui
579 2849 680 2906 meinent
704 2846 755 2904 giet
767 2860 773 2893 ε
787 2846 807 2893 si
819 2846 1049 2906 praetereasterram
1060 2843 1138 2902 hanc,
1148 2843 1176 2891 et
1186 2844 1239 2904 ipsa

146 2917 250 2963 asserturos
255 2947 264 2972 ,
275 2917 297 2962 ct
306 2917 375 2963 vocet
385 2929 413 2962 eo
424 2927 475 2975 pue
486 2928 534 2962 aon
545 2919 608 2973 aaut,
618 2919 679 2963 tom·
704 2915 730 2961 te
741 2914 885 2974 praeteribit.
892 2915 921 2961 et
930 2914 958 2961 tu
969 2912 1116 2960 inmarilioc
1123 2913 1237 2973 navigas,

145 2997 217 3044 quam
226 2998 254 3032 eo
261 2996 313 3044 quoe
320 2985 386 3042 saal,·
394 2983 440 3030 hoc
450 2983 502 3041 est,
512 2985 584 3032 vocat
593 2986 679 3044 gentes
704 2983 730 3030 ct
740 2982 766 3028 in
777 2983 822 3031 hoe
833 2984 922 3030 saeculo
934 2982 1039 3029 fluctuas
1048 2995 1055 3027 ε
1064 2980 1122 3040 lupe
1132 2982 1236 3039 terram,

146 3066 201 3114 que
226 3065 276 3102 non
302 3053 390 3112 erant,
409 3052 534 3112 tamquam
558 3055 678 3113 populum
704 3049 1238 3111 saxahabet,lapideslrabet;sieutscrip-

144 3136 217 3172 suum
228 3123 272 3184 qui
284 3122 350 3182 erat;
363 3123 434 3170 eraut
445 3122 513 3169 enim
528 3123 610 3183 patres
620 3135 678 3171 nos·
703 3120 757 3167 tuns
768 3119 821 3167 estc
832 3121 930 3180 Lapides
940 3121 968 3166 de
975 3120 1015 3166 oio
1022 3119 1136 3178 projicite.
1147 3117 1174 3164 Si
1188 3117 1237 3165 tes·

144 3192 191 3251 tri,
203 3193 245 3252 qui
257 3194 326 3240 erant
337 3192 412 3238 electi
424 3191 480 3238 Dei.
494 3192 523 3239 Et
539 3192 600 3239 alibi
615 3192 678 3239 dici·
702 3187 919 3248 tinesperaerium
927 3187 973 3234 hoc
981 3184 1131 3246 protundum
1139 3186 1173 3234 ad
1182 3199 1237 3247 por

144 3263 200 3308 tur:
213 3263 322 3320 coenavit
335 3261 451 3308 Dominus
465 3262 506 3321 qai
518 3263 573 3308 soal
587 3262 658 3320 ipsios
666 3277 675 3322 ,·
702 3256 754 3303 tum
765 3255 1174 3313 diviuasvoluntatis,videbistibi
1183 3257 1236 3305 haec

106 3364 109 3368 -
144 3327 197 3377 uon
217 3327 340 3386 cognoscit
361 3339 402 3373 eos
424 3327 467 3385 qui
488 3339 537 3373 non
559 3328 625 3374 suut.
647 3329 677 3374 nt
702 3325 783 3371 omnia
800 3326 958 3384 praeteriisse.
966 3323 1032 3381 Quid
1044 3322 1111 3370 enim
1128 3323 1236 3373 interest

143 3395 231 3442 Esther
242 3393 292 3441 ait:
304 3396 359 3442 Noa
369 3395 407 3439 das
420 3395 512 3453 oropum
526 3395 592 3453 repas·
604 3397 640 3442 tui
648 3398 676 3444 tis
701 3394 784 3439 uirum
800 3393 979 3454 praeterierint,
992 3405 1024 3440 an
1035 3392 1082 3440 tibi
1094 3404 1125 3440 es
1135 3391 1236 3451 judices

145 3465 185 3524 pai
200 3477 247 3510 noa
257 3464 320 3510 suat.
334 3461 410 3507 Recte
425 3472 482 3519 ergo
497 3460 578 3519 justus
596 3461 674 3510 dicit:
701 3461 865 3520 praeteriisse?

143 3534 176 3580 Et
186 3529 298 3588 croceos,
313 3532 335 3576 et
351 3543 401 3577 ecce
416 3542 465 3576 aon
480 3531 547 3590 erot3
562 3529 608 3578 hoc
623 3533 674 3592 est,
730 3531 769 3579 80.
781 3532 823 3579 Est
842 3531 867 3578 ct
884 3530 948 3579 alius
965 3528 1056 3591 impius
1071 3529 1115 3590 qui
1131 3530 1235 3580 videtur

46 3602 49 3607 ’
143 3600 196 3648 vidi
217 3613 275 3647 eum
292 3598 504 3659 superexaltatum
523 3599 550 3646 in
570 3601 674 3662 saeculo,
701 3600 824 3647 exaltatus
836 3601 861 3647 et
873 3600 985 3648 elevatus
1001 3600 1175 3659 supercodros
1193 3602 1235 3647 Li·

143 3670 275 3728 antequam
290 3668 470 3716 considerarem
485 3669 543 3728 quia
558 3670 623 3717 nihil
638 3672 675 3719 est
700 3668 771 3715 bani:
781 3671 806 3717 et
815 3669 834 3716 si
844 3670 1021 3727 transeas‚non
1028 3668 1084 3726 erit,
1092 3681 1140 3716 uec
1149 3669 1234 3718 locum

142 3738 269 3786 seculum.
291 3737 338 3785 Ulsi
360 3738 443 3784 autem
465 3738 568 3787 transivi
589 3741 674 3788 mento
700 3737 754 3796 ejus
762 3737 952 3785 inveniesvide
960 3737 1022 3783 milri
1031 3736 1137 3784 scribam
1145 3736 1234 3785 iudai-

142 3818 216 3866 supra
224 3807 358 3864 muudum,
368 3807 420 3853 vidi
430 3808 488 3867 quia
495 3807 546 3866 iam
554 3821 603 3856 non
612 3811 673 3869 erat,
700 3818 756 3853 cum
765 3806 910 3853 reddentem
921 3805 1012 3853 seriem
1022 3805 1136 3852 vetorum
1146 3805 1233 3866 Scrip-

141 3875 262 3936 quiante
282 3876 334 3922 orat
357 3877 554 3934 superexaltatus
576 3876 601 3924 in
627 3877 673 3926 hoc
699 3874 822 3932 tutatum,
843 3874 887 3921 sed
905 3874 1140 3934 consequentem:
1159 3874 1233 3922 audis

700 3942 757 4004 quia
767 3942 840 3990 lalriis
855 3942 953 4002 reddit,
969 3941 1067 3990 miraris
1078 3942 1108 3989 ut
1117 3941 1231 3992 doctum.
